1859 2998
184 92 252 119 1³:⁶25

884 95 1042 123 ANONYM!

1742 94 1808 121 122⁸

219 153 327 179 Paucis.
350 152 507 187 Mysterinm
531 156 657 180 nostrum
673 153 771 187 paucis
794 154 915 188 quidem.
941 154 966 180 iil
983 157 1005 183 Α
1052 151 1119 179 lbid.
1137 151 1163 178 9.
1191 151 1330 185 Ὀλίγοις.
1349 150 1386 176 Τὸ
1412 150 1562 185 μυστήριον
1586 150 1663 185 ἡμῶν
1685 153 1739 182 τοῖς
1762 153 1812 186 μὲν

184 203 225 225 est
256 198 365 225 mundis
387 203 413 225 et
432 198 457 224 iu
470 199 701 233 contemplatione
717 199 876 231 acerrimis;
892 203 971 226 vetus

184 249 273 271 autem
302 245 406 274 multis.
433 249 459 271 et
485 244 612 271 deorsum
636 245 850 275 ambulantibus,
871 252 971 271 novum

184 298 248 317 vero
267 290 361 323 paucis
375 294 400 316 et
412 291 609 317 excelsioribus
627 299 734 317 recens.

220 333 363 368 Martyres.
380 333 472 368 Neque
494 341 628 370 martyres
649 342 696 368 per
713 339 739 361 te
755 334 811 360 lieri
826 334 970 361 curavisti.

188 378 268 405 Prius
287 379 358 406 enim
382 380 450 406 dixit
471 381 543 415 quod
566 381 690 415 martyrii
716 388 826 415 quoque
857 381 972 415 gloriam

186 425 266 452 nobis
284 425 431 453 invidebat.

220 471 417 503 Apparitiones.
432 470 553 503 Quorum
572 475 730 497 sanctorum
746 473 791 505 qui
807 471 972 506 apparebant

186 518 256 543 mari
273 518 475 547 laborantibus,
492 517 533 543 vel
552 517 630 543 aliter
642 518 870 551 periclitantibus,
888 518 971 552 etqui

185 563 219 589 ob
249 563 438 596 prxexisioneffl
469 562 560 588 sutura
590 563 809 597 p1·;e11untiabant
842 563 972 598 prat-dice-

185 608 316 641 bamque.

219 651 339 685 Σχέδια.
357 651 394 676 Ex
412 651 560 685 improviso
577 651 701 685 quaesita.

218 696 392 729 Αῠτσυργὸν
414 697 605 730 στρατηγίαν.
632 697 697 724 Belli
715 697 825 732 gerendi
840 698 973 725 rationein

185 750 239 777 qua
261 750 306 768 rex
325 750 372 776 per
388 750 416 768 se
432 742 521 775 ipsum
535 747 629 777 regnat
644 743 799 778 bellumque
814 744 894 779 gerit.

229 787 330 813 Vitiosa
343 787 481 820 affectione
495 795 605 815 vacuus.
626 787 764 815 Habemus
782 788 809 814 in
833 788 972 815 nobismet

185 833 254 867 ipsis
265 838 292 860 et
307 834 387 866 iram,
402 838 429 860 et
451 841 583 866 amorem,
602 837 628 860 et
654 842 678 861 si
700 834 767 868 quid
786 834 860 861 aliud
878 834 974 868 hujus-
991 829 1011 855 Β

187 879 300 906 modiin
319 884 414 906 nostra
433 883 530 906 natura
547 887 561 906 a
580 879 634 906 Deo
659 880 817 908 homiuibus
839 880 971 907 infusum.

185 925 250 956 Quae
261 925 339 959 juxta
355 926 470 953 liberum
484 926 629 953 arbitrium
645 927 677 953 ad
700 927 793 961 pejora
820 935 875 954 non
898 934 974 953 amo-

185 975 295 1002 ventur,
322 972 464 998 meliorum
487 979 607 999 amorem
627 973 795 1007 rejicientes,
817 974 973 1008 corporalia

184 1021 211 1043 ct
232 1017 371 1044 instabilia
395 1018 495 1045 misere
512 1019 649 1053 cupimus.
670 1018 742 1045 {dem
759 1019 892 1046 adversus
910 1027 974 1054 pas—

185 1061 277 1091 siones
303 1068 415 1091 nostras
437 1063 483 1090 via
505 1064 619 1097 omissa;
648 1065 675 1091 in
697 1065 844 1099 populares
862 1070 973 1092 nostros

185 1111 279 1144 inique
298 1098 463 1137 invehimur.

222 1155 324 1182 Persce.
342 1155 419 1189 Apud
440 1163 509 1189 quos
525 1159 551 1181 et
570 1163 665 1189 poenas
679 1156 820 1189 persolvit.
834 1156 973 1190 impietate

186 1201 297 1235 quidem
312 1207 365 1226 non
377 1200 484 1234 dignas,
503 1207 599 1234 poenas
621 1205 711 1227 tamen
727 1201 753 1226 in
774 1201 900 1234 praesenti
916 1201 973 1227 sus-

186 1246 319 1273 ficientes.

222 1291 297 1324 Quod
316 1290 386 1317 licet.
406 1290 472 1324 Ejus
490 1291 622 1317 adversus
644 1299 693 1318 nos
718 1298 784 1317 eura
805 1295 832 1317 et
859 1295 973 1317 conten-

187 1338 235 1364 tio.
252 1338 312 1364 Non
326 1342 385 1363 erat
400 1336 509 1363 Juliauo
521 1338 591 1363 ratio
608 1337 695 1363 media
710 1338 781 1363 inter
794 1336 972 1363 consiliorum

186 1391 297 1410 suorum
310 1386 432 1416 apertam
457 1383 497 1409 vel
526 1382 773 1409 manifestationem
794 1383 835 1409 vel
855 1382 974 1409 occulta-

186 1429 300 1455 tionem.
321 1428 419 1455 Verum
436 1436 468 1455 eo
484 1428 586 1455 suroris
605 1432 631 1454 et
656 1428 822 1462 insipientiae
843 1435 974 1462 pervene-

186 1478 238 1506 rat,
253 1478 283 1500 ut
301 1482 411 1501 sursum
438 1475 622 1508 deorsumque
643 1474 734 1500 odium
758 1473 784 1499 in
804 1480 854 1500 nos
879 1472 973 1499 conci-

1022 197 1122 231 ὀλίγοις
1132 217 1139 229 ,
1159 197 1218 223 ἀντὶ
1234 196 1280 222 τοῦ
1292 216 1299 227 ,
1314 196 1444 231 καθαροῖς
1467 196 1513 221 καὶ
1530 196 1669 228 ὀξυτάτοις
1682 197 1731 232 τὴν
1744 197 1797 224 Oen)

1024 244 1084 278 ρίαν
1095 252 1101 258 ·
1117 243 1231 269 παλαιὸν
1246 243 1302 273 τοῖς
1316 250 1346 275 γε
1362 241 1468 272 πολλοῖς
1484 242 1530 267 καὶ
1541 242 1627 275 χαμαὶ
1643 243 1813 277 ἐρχομένοις,

1022 289 1080 314 νέον
1093 289 1120 315 δὲ
1136 290 1192 317 τοῖς
1205 288 1305 321 ὀλίγοις
1317 288 1362 312 καὶ
1373 287 1547 321 ὑψηλοτέροις
1560 287 1727 321 πρόσφατον.

1058 333 1116 362 Col.
1139 334 1200 361 589.
1215 334 1236 360 B
1257 335 1284 360 2.
1304 334 1471 367 Μάρτυρας.
1490 333 1556 359 Οὐδὲ
1570 334 1711 368 μάρτυρας
1725 334 1756 360 τὸ
1767 334 1814 361 ἐπὶ

1024 378 1064 404 σοὶ
1077 379 1204 411 γενέσθαι
1215 378 1386 408 ἐσπούδακας
1395 386 1401 392 ·
1415 378 1518 411 φθάσας
1528 378 1581 413 γὰρ
1591 377 1676 410 εἶπεν,
1688 379 1728 406 ὅτι
1736 380 1814 414 ἑφθό-

1023 432 1062 450 νει
1077 425 1142 459 ἡμῖν
1157 425 1204 450 καὶ
1221 424 1270 458 τῆς
1283 423 1331 449 τοῦ
1346 424 1495 459 μαρτυρίου
1507 424 1601 458 τιμῆς.

1059 469 1125 496 lbid.
1138 469 1158 496 C
1186 469 1214 496 4.
1231 470 1265 496 Al
1281 469 1459 503 ἐπιφάνειαι.
1481 466 1532 495 Ὧν
1552 469 1637 503 ἁγίων
1655 470 1686 495 τὸ
1704 471 1813 504 ἐπιφαί-

1025 514 1118 540 νεσθαι
1133 515 1189 545 τοῖς
1210 514 1344 548 κάμνουσι
1361 515 1432 540 κατὰ
1456 515 1601 546 θάλατταν,
1619 515 1634 549 ἢ
1653 515 1738 547 ἄλλως
1759 525 1815 543 κιν-

1023 560 1173 591 δυνεύουσι,
1190 561 1237 586 καὶ
1248 558 1285 586 ὧν
1300 560 1329 586 τὸ
1342 560 1386 586 διὰ
1398 562 1578 596 προρρήσεων
1589 562 1756 597 προμηνύειν
1769 563 1815 589 καὶ

1024 605 1168 640 προλέγειν
1182 605 1217 630 τὰ
1232 605 1373 639 μέλλοντα.

1061 651 1119 678 Col.
1130 651 1182 678 593
1192 652 1214 677 A
1224 651 1250 677 4.
1265 651 1384 685 Σχέδια.
1401 652 1441 678 Τὰ
1452 652 1480 684 ἐξ
1492 653 1663 687 αὐτοσχεδίου
1675 653 1813 688 γινόμενα.

1060 697 1128 724 lbid.
1151 697 1178 723 5.
1204 697 1386 731 Αὐτοπργύν.
1413 698 1567 733 Αύτουργον
1590 699 1758 733 στρατηγίαν
1783 699 1816 733 ἣν

1026 742 1150 777 βασιλεὺς
1166 742 1198 768 δι’
1210 741 1306 768 ἑαυτοῦ
1321 742 1456 776 βασιλεύει
1468 743 1514 768 καὶ
1530 744 1688 777 στρατηγεῖ.

1062 789 1128 815 lbid.
1147 788 1167 814 B
1191 788 1218 815 5.
1245 788 1393 826 Ἀπαθοιῦς
1413 788 1530 822 ἔρωτος.
1558 789 1676 823 ’Έχομεν
1701 789 1729 814 ἐν
1751 789 1816 824 ἡμῖν

1026 835 1118 866 αὐτοῖς
1140 835 1188 860 καὶ
1206 834 1290 870 ὀργὴν
1307 834 1352 860 καὶ
1369 834 1467 869 ἔρωτα,
1483 835 1529 860 καὶ
1541 834 1566 860 εἴ
1578 843 1603 860 τι
1621 834 1740 860 τοιοῦτον
1754 834 1818 860 ἄλλο

1026 881 1054 906 ἐν
1067 881 1099 915 τῇ
1122 879 1245 914 ἡμετέρᾳ
1262 879 1341 913 φύσει
1362 879 1438 914 παρὰ
1450 879 1517 905 Θεοῦ
1537 881 1592 910 τοῖς
1603 879 1756 914 ἀνθρώποις
1769 881 1818 914 ἑμ-

1027 926 1174 960 φυτευθέν·
1189 926 1207 952 ἃ.
1219 925 1289 952 κατὰ
1303 925 1332 951 τὸ
1347 925 1519 958 αὐτεξούσιον
1537 926 1582 951 ἐπὶ
1591 925 1620 951 τὸ
1638 927 1726 960 χεῖρον
1736 926 1816 960 ἡμεῖς

1027 970 1257 1006 παρατρέποντες,
1266 970 1296 996 τὸ
1304 969 1356 995 τῶν
1366 970 1528 1004 κρειττόνων
1538 970 1603 1005 ὲρᾷν
1612 970 1814 1005 παρωσάμενοι,

1026 1016 1081 1042 τῶν
1097 1015 1261 1050 σωματικῶν
1287 1016 1333 1041 καὶ
1347 1015 1471 1041 ἁστάτων
1489 1015 1588 1046 ἀθλίως
1610 1015 1815 1050 ἐπιθυμοῦμεν·

1026 1060 1157 1091 ὡσαύτως
1175 1061 1221 1086 καὶ
1235 1059 1281 1086 τοῦ
1303 1059 1453 1094 θυμοῦσθαι
1477 1059 1547 1085 κατὰ
1559 1059 1612 1085 τῶν
1628 1060 1720 1086 παθῶν
1736 1059 1817 1094 ἀφέν-

1026 1116 1081 1138 τες,
1096 1108 1151 1137 τοῖς
1164 1106 1309 1141 ὁμοφύλοις
1323 1106 1401 1141 ἡμῶν
1417 1106 1466 1132 οὑκ
1481 1105 1568 1140 ὀρθῶς
1582 1107 1770 1141 ἀγριαίνομεν.

1062 1151 1119 1178 Col.
1138 1151 1190 1178 600
1206 1151 1227 1177 A
1242 1152 1270 1177 2.
1290 1151 1413 1185 Πέρσαι.
1446 1151 1489 1177 Ἐν
1509 1149 1549 1182 οἷς
1571 1152 1617 1177 καὶ
1630 1152 1708 1186 δίκην
1719 1151 1815 1184 ἔδωκε,

1026 1197 1075 1230 τῆς
1087 1196 1136 1231 μὲν
1148 1196 1276 1228 ἀσεῧείας
1289 1196 1339 1222 οὐκ
1351 1196 1428 1229 ἀξίαν
1448 1196 1506 1230 μὲν,
1519 1196 1595 1231 δίκην
1610 1196 1638 1222 δὲ
1652 1197 1724 1230 ὅμως
1740 1197 1768 1223 ὲν
1777 1197 1816 1231 τῷ

1028 1242 1139 1277 παρόντι
1153 1243 1258 1276 ἱκανήν.

1063 1288 1130 1314 lbid.
1152 1289 1178 1314 5.
1201 1288 1254 1314 Καὶ
1280 1287 1378 1314 τοῦτο.
1398 1287 1434 1313 Τὸ
1459 1287 1520 1314 καθ’
1542 1287 1618 1322 ἡμῶν
1634 1287 1808 1322 σπούδασμα.

1028 1334 1084 1360 Οὐκ
1097 1331 1130 1368 ἦν
1149 1333 1187 1367 τῷ
1207 1332 1342 1367 Ἰουλιανῷ
1360 1332 1440 1367 μέσον
1459 1333 1506 1358 τοῦ
1518 1341 1547 1358 τε
1560 1333 1697 1366 ἐκφαίνειν
1713 1331 1816 1358 καὶτοῦ

1027 1379 1158 1414 κρύπτειν
1175 1378 1312 1410 παντελῶς
1324 1386 1329 1392 ·
1343 1378 1400 1404 ἀλλ’
1414 1377 1484 1404 οὕτω
1497 1378 1547 1412 τῆς
1561 1378 1659 1412 μανίας
1670 1377 1758 1412 εἴχετο
1771 1377 1818 1404 καὶ

1028 1424 1234 1459 παραπληξίας,
1247 1424 1316 1450 ὥστε
1327 1423 1382 1450 ἄνω
1394 1424 1441 1449 καὶ
1452 1424 1527 1450 κάτω
1540 1424 1569 1450 τὸ
1581 1424 1641 1450 καθ’
1653 1423 1731 1458 ἡμῶν
1741 1424 1818 1458 μῖσος

1028 1469 1118 1496 καλῶν
1128 1469 1182 1505 [ἵσ.
1196 1468 1332 1504 στρέφων]
1344 1470 1393 1495 οὐκ
1404 1468 1528 1495 ἐπαύετο.
1540 1469 1571 1494 Εἰ
1582 1469 1609 1494 δὲ
1623 1468 1740 1504 μετρίως
1752 1467 1818 1502 γοῦν

187 1525 244 1546 tare
264 1528 317 1546 non
334 1520 479 1547 desineret.
492 1520 519 1546 Si
532 1519 671 1546 moderate
686 1519 768 1553 igitur
777 1523 896 1553 saperet,
911 1526 973 1544 raro
989 1507 1009 1534 C
1027 1516 1185 1550 ἐσωφρόνει,
1196 1516 1319 1549 ὀλιγάκις
1331 1515 1379 1550 μὲν
1395 1515 1470 1548 ἔλεγε
1481 1515 1528 1541 καὶ
1540 1514 1671 1549 ὑπεδήλου
1686 1513 1734 1548 τὴν
1749 1513 1819 1547 γνὼ-

187 1566 297 1601 quidem
315 1567 419 1593 dleeret
442 1571 468 1592 et
487 1565 675 1593 subindicaret
694 1565 870 1595 sententiam,
896 1566 973 1599 plura

185 1619 252 1638 vero
264 1611 383 1638 reticens
397 1611 588 1639 absconderet.
607 1611 664 1638 lloc
678 1611 750 1638 enim
765 1611 883 1637 medium
903 1610 974 1637 inter

185 1655 262 1684 effari
278 1661 305 1684 et
320 1657 412 1684 omnia
429 1658 556 1684 omnibus
577 1665 631 1684 non
647 1657 836 1684 manifestare.

222 1703 262 1728 Ab
279 1702 328 1729 hac
343 1711 421 1730 nova.
436 1702 567 1730 Dicebant
584 1703 659 1730 enim
676 1703 721 1737 qui
735 1703 829 1729 eadem
847 1710 908 1728 cum
927 1701 975 1728 Ju-

188 1747 262 1775 liano
278 1749 442 1780 sentiebant,
459 1748 530 1783 quod
545 1755 616 1775 nunc
634 1748 662 1774 in
683 1756 767 1774 unum
784 1751 970 1774 convenerant

189 1795 359 1830 philosophia
380 1795 461 1822 simul
482 1800 564 1829 atque
588 1794 742 1829 imperium.

223 1881 399 1908 Admiranda.
415 1881 475 1908 ilaec
493 1881 605 1908 ironice.

226 1925 261 1951 'H
281 1928 398 1962 δρὸμος.
414 1927 442 1954 ln
455 1927 516 1954 aliis
531 1924 558 1963 ᾔ
571 1935 632 1953 eum
643 1926 711 1953 duro
726 1926 836 1957 asssatu;
858 1924 974 1956 scilicet,

189 1974 299 2000 cuinam
324 1974 504 2008 philosophiae
533 1977 558 2000 et
582 1973 708 2007 imperio.
731 1972 793 1999 Haec
813 1976 893 2006 atque
920 1971 976 1998 haec

189 2019 282 2045 verbis
305 2022 409 2045 tantum
433 2019 515 2044 bona.
545 2017 637 2052 Populi
662 2025 726 2045 vero
749 2018 925 2048 dissidentes,
949 2020 976 2043 et

190 2062 248 2089 hinc
262 2068 344 2097 atque
359 2063 415 2090 haec
432 2063 502 2089 mala
516 2071 522 2095 ;
552 2071 611 2097 quae
627 2071 681 2089 non
700 2063 791 2090 verbis
807 2067 922 2094 tantum,
940 2062 975 2088 si-

191 2114 237 2136 cut
258 2110 382 2144 pulchra,
407 2110 453 2136 sed
471 2117 499 2136 re
527 2111 584 2143 ipsa
603 2109 801 2136 consideranda
823 2113 896 2135 sunt.
914 2107 976 2134 Haec

191 2153 308 2181 irrideus
321 2153 624 2180 adversus-Platonicos
638 2153 716 2179 dixit.

225 2198 503 2231 Περιθρυλλεῖσθιιι.
526 2196 641 2223 Frustra
662 2205 811 2230 personare.

232 2250 276 2278 Vei
291 2252 332 2277 illi
354 2252 483 2285 insignem
502 2251 644 2285 quamdam
662 2251 784 2285 gloriam.
805 2251 842 2278 lta
860 2251 931 2282 vult,
948 2256 977 2277 ut

190 2298 305 2333 opinor:
328 2297 391 2329 Qua¹
411 2297 468 2323 haee
490 2296 560 2322 mala
584 2296 617 2322 ad
642 2297 753 2330 gloriam
774 2296 882 2323 Juliano
899 2301 977 2324 erant

192 2344 343 2378 profutura,
364 2347 393 2369 ut
410 2343 478 2378 ipse,
501 2343 537 2368 ita
563 2346 592 2368 nt
614 2342 655 2369 vel
683 2342 867 2369 Romanorum
886 2343 977 2378 reipu-

193 2390 268 2416 iiieae
283 2389 315 2416 ad
332 2390 534 2423 tranquillatein
555 2389 603 2423 (ita
626 2396 655 2415 se
672 2389 747 2415 locus
769 2390 870 2423 habet),
897 2398 977 2424 quam

192 2434 224 2463 ad
240 2435 354 2471 gloriam
371 2435 426 2467 isti,
443 2442 501 2469 pro,
519 2442 580 2469 quae
593 2438 622 2460 ut
637 2434 692 2468 jam
712 2435 905 2469 interpretatus
925 2442 975 2463 est.

228 2493 279 2525 Qui
292 2493 356 2518 lioec.
375 2491 472 2524 Qualia
489 2490 565 2518 haec?
590 2498 649 2524 quae
670 2491 773 2517 scilieet
793 2491 877 2518 Graeci
902 2493 976 2519 dice-

193 2539 268 2569 baut,
284 2546 356 2565 nunc
371 2538 398 2564 in
417 2545 502 2564 unum
520 2537 667 2563 convenire
683 2537 826 2570 imperium
846 2542 871 2564 et
891 2539 979 2572 philo-

194 2585 328 2618 sophiam.
355 2583 459 2610 Exinde
475 2582 578 2613 selices,
599 2583 647 2614 ait,
666 2582 789 2609 homines
812 2583 844 2609 ad
866 2592 976 2610 auwam

195 2630 262 2655 hane
278 2634 385 2656 :etatem
402 2634 580 2656 revertentes.

230 2685 376 2712 Διὰθεσιν.
396 2685 522 2712 Διάθεσιν
543 2685 586 2711 hic
604 2693 652 2719 pro
664 2684 757 2716 ἕξεως,
786 2685 875 2710 lmbiiu
898 2685 975 2712 dixit.

195 2730 335 2758 rra-eunte
349 2732 619 2762 euimdisposiiione.
649 2730 779 2761 διάθεσις,
807 2731 834 2756 lit
863 2732 978 2762 liumus,

194 2775 260 2804 ἕξις,
292 2776 400 2802 habitus
424 2783 488 2802 vero
520 2776 626 2801 firmum
653 2774 755 2808 aliquid
773 2772 980 2808 persei-tumque

196 2820 295 2846 bouum
318 2822 342 2847 in
367 2822 457 2847 anima
480 2822 634 2848 consiitwt.
663 2820 798 2847 Habemus
820 2824 909 2845 autem
931 2827 980 2846 nos

1029 1570 1093 1596 μην,
1104 1561 1138 1588 τὰ
1151 1561 1236 1588 πολλὰ
1247 1561 1274 1587 δὲ
1291 1561 1399 1588 σιωπῶν
1410 1561 1580 1596 ἀπέκρυπτε.
1603 1560 1687 1585 Τοῦτο
1704 1559 1757 1594 γὰρ
1770 1558 1818 1595 μέ-

1029 1615 1073 1633 σον
1093 1607 1151 1632 ἐστὶ
1170 1607 1217 1632 τοῦ
1234 1615 1263 1633 τε
1284 1606 1422 1638 ὲκλαλεῖν,
1440 1606 1487 1632 καὶ
1504 1605 1552 1632 τοῦ
1581 1605 1671 1632 πάντα
1688 1605 1755 1631 πᾶσι
1778 1604 1817 1640 μὴ

1028 1652 1177 1686 ἐκφαίνειν.

1062 1696 1128 1723 lbid.
1150 1695 1170 1722 B
1185 1695 1211 1722 5.
1229 1695 1286 1730 Τῆς
1303 1695 1381 1728 νέας.
1399 1696 1511 1730 Ἔλεγον
1525 1696 1578 1731 γὰρ
1589 1696 1613 1722 οἱ
1627 1696 1661 1722 τὰ
1679 1695 1726 1722 τοῦ
1753 1696 1818 1723 Ἰου-

1028 1741 1118 1766 λιανοῦ
1135 1741 1309 1776 φρονοῦντες,
1327 1742 1368 1768 ὅτι
1381 1741 1438 1767 Νῦν
1450 1743 1489 1773 εἰς
1504 1742 1586 1768 ταυτὸ
1599 1741 1714 1776 συνῆλθε
1737 1741 1813 1777 φιλο-

1030 1785 1108 1819 σοφία
1118 1794 1146 1811 τε
1159 1786 1216 1820 ἅμα
1228 1786 1274 1812 καὶ
1284 1785 1419 1821 βασιλεία.

1063 1871 1130 1901 lbid.
1145 1873 1171 1900 6.
1188 1874 1377 1908 Θαυμαστῆς.
1400 1875 1444 1901 Ἐν
1459 1875 1586 1910 εἰρωνείᾳ
1597 1875 1693 1903 ταῦτα.

1065 1919 1132 1945 lbid.
1156 1920 1196 1945 15.
1217 1920 1250 1947 Ἠ
1261 1919 1378 1953 δρόμος.
1402 1920 1446 1946 Ἐν
1457 1920 1557 1952 ἄλλοις,
1569 1917 1600 1955 ᾖ,
1617 1920 1687 1954 μετὰ
1703 1920 1752 1956 τῆς
1771 1920 1817 1947 δα-

1036 1964 1110 1995 σείας
1122 1973 1127 1978 ·
1144 1964 1291 1996 τουτέστιν,
1313 1962 1383 2000 ᾗτινι
1397 1965 1539 2000 φιλοσοφία
1551 1965 1597 1991 καὶ
1611 1965 1747 2001 βασιλείᾳῙ·
1758 1966 1816 1992 τόδε

1031 2011 1080 2045 μὲν
1103 2011 1149 2036 καὶ
1164 2010 1222 2036 τάδε
1242 2012 1275 2036 τὰ
1295 2011 1375 2046 μέχρι
1388 2011 1467 2044 λόγου
1490 2010 1589 2044 ἀγαθά.
1610 2011 1694 2045 Δῆμοι
1708 2011 1736 2037 δὲ
1754 2019 1817 2038 στα-

1031 2055 1178 2088 σιάζοντες,
1197 2057 1243 2082 καὶ
1259 2057 1288 2082 τὸ
1305 2057 1351 2082 καὶ
1370 2056 1401 2082 τὸ
1422 2056 1512 2087 κακὰ,
1527 2056 1545 2083 ἃ
1564 2057 1601 2091 μὴ
1620 2056 1700 2091 μέχρι
1719 2056 1812 2090 λόγου,

1030 2099 1122 2135 ὥσπερ
1141 2101 1174 2127 τὰ
1187 2101 1267 2132 καλὰ,
1286 2100 1340 2126 ἀλλ’
1365 2100 1439 2135 αύτῷ
1458 2101 1496 2135 τῷ
1508 2101 1580 2136 ἔργῳ
1596 2101 1726 2136 πάρεστιν
1736 2102 1813 2137 ὸρᾷν.

1030 2147 1168 2182 Διασύρων
1180 2147 1207 2173 δὲ
1221 2147 1292 2180 λέγει
1305 2147 1391 2173 ταῦτα
1406 2147 1477 2173 κατὰ
1490 2147 1544 2172 τῶν
1557 2147 1749 2175 Πλατωνικῶν.

1065 2192 1132 2218 lbid.
1148 2191 1168 2217 C
1181 2193 1206 2218 5.
1219 2192 1493 2226 Περιθρυλλεῖσθαι.
1508 2192 1700 2227 Περιηχεῖσθαι
1716 2192 1814 2227 μάτην.

1063 2248 1131 2275 lbid.
1148 2248 1174 2275 8.
1197 2249 1235 2275 Ἢ
1258 2249 1332 2282 πρὸς
1353 2248 1503 2280 εὐδοξίαν.
1526 2248 1605 2275 Οὕτω
1626 2249 1697 2275 Θέλει
1714 2249 1752 2280 ὡς
1770 2258 1815 2276 νο-

1031 2294 1117 2328 μίζω·
1132 2295 1165 2320 Ἃ
1182 2294 1267 2320 ταῦτα
1294 2294 1366 2320 κακὰ
1386 2294 1454 2328 πρὸς
1474 2294 1594 2325 εὐδοξίαν
1614 2294 1654 2329 τῷ
1682 2295 1816 2331 Ἰουλιανῷ

1029 2339 1160 2365 κάλλιστα
1174 2337 1255 2373 εἶχεν,
1272 2339 1309 2370 ὡς
1321 2339 1402 2370 αὐτὸς
1411 2339 1480 2366 ὥστε
1493 2339 1509 2374 ἢ
1521 2339 1559 2373 τῷ
1574 2339 1656 2374 κοινῷ
1673 2339 1728 2366 τῶν
1750 2339 1818 2367 Ῥω-

1031 2385 1117 2419 μαίων
1130 2385 1197 2419 πρὸς
1212 2385 1360 2418 ἀσφάλειαν
1377 2384 1424 2418 (τὸ
1441 2384 1566 2418 κείμενον
1587 2385 1615 2410 δὲ
1634 2384 1719 2416 οὕτως
1728 2385 1784 2420 ἔχει
1795 2386 1815 2419 ),

1032 2430 1047 2464 ἢ
1062 2430 1128 2465 πρὸς
1140 2430 1259 2462 εὐδοξίαν
1273 2430 1378 2464 ἐκείνῳ,
1392 2430 1451 2455 ἀντὶ
1463 2429 1519 2460 τοῦ,
1534 2429 1551 2455 ἃ
1563 2429 1600 2461 ὡς
1610 2430 1661 2464 ἥδη
1673 2430 1814 2458 ὐπέλαΰεν.

1066 2488 1132 2514 thid.
1148 2487 1190 2514 12.
1208 2488 1311 2519 ’Ὅστις
1326 2486 1373 2513 ἅν.
1395 2487 1462 2512 Ποῖα
1479 2486 1582 2519 ταῦτα;
1601 2486 1637 2512 Τὸ
1649 2486 1739 2520 λέγειν
1755 2488 1817 2521 τοὺς

1033 2533 1165 2567 ’Έλληνας
1184 2533 1223 2559 ὅτι
1240 2532 1286 2558 νῦν
1304 2533 1344 2563 εἰς
1359 2531 1456 2558 ταυτὸν
1473 2529 1554 2566 ἦλθον
1567 2532 1688 2566 βασιλεία
1709 2533 1755 2558 καὶ
1772 2541 1814 2566 φι-

1032 2578 1152 2612 λοσοφία.
1168 2577 1319 2604 Κάντεῦθεν
1339 2577 1505 2611 εὐδαίμονες,
1527 2578 1618 2612 φησὶν,
1634 2578 1659 2603 οἱ
1679 2578 1816 2612 ἄνθρωποι

1033 2624 1101 2659 πρὸς
1119 2624 1167 2659 τὴν
1177 2625 1280 2659 χρυσῆν
1300 2623 1405 2657 ἐκείνην
1415 2622 1511 2656 γενεὰν
1529 2623 1730 2654 ἐπανελθόντες.

1066 2681 1123 2707 Col.
1147 2680 1194 2706 601
1214 2680 1234 2706 B
1252 2680 1277 2707 5.
1300 2678 1446 2705 Διάθεσιν.
1469 2679 1595 2706 Διάθεσιν
1619 2678 1734 2704 ἐνταῦθα
1757 2678 1816 2704 ἀντὶ

1033 2728 1082 2761 τῆς
1098 2727 1179 2758 ἕξεως
1195 2724 1280 2751 εἶπεν.
1302 2725 1333 2750 Ἡ
1347 2725 1395 2759 μὲν
1407 2725 1459 2759 γὰρ
1472 2725 1591 2756 διάθεσις
1602 2724 1742 2759 προϊοῦσα,
1759 2723 1816 2756 ἕξις

1034 2775 1153 2808 γίνεται,
1170 2774 1224 2808 ἠδὲ
1240 2773 1295 2804 ἕξις
1317 2773 1422 2807 βέόαιόν
1441 2782 1466 2798 τι
1481 2773 1527 2799 καὶ
1545 2773 1644 2798 τέλειον
1668 2771 1768 2804 ἀγαθὸν
1786 2771 1815 2796 ἐν

1034 2821 1066 2850 τῆ
1083 2819 1154 2849 'Lorii
1173 2819 1343 2845 καθίσταται.
1362 2818 1478 2851 Ἐχοιιεν
1495 2818 1522 2844 δὲ
1536 2818 1614 2846 aasz:
1626 2817 1648 2842 ol
1660 2813 1815 2845 Χριστιανοὶ
