1859 2998
121 137 172 163 <387

122 196 208 220 insere
238 194 262 219 in
288 195 364 220 nobis
384 196 537 221 memoriam
569 198 710 223 ministerii
738 197 774 222 tui
796 196 903 222 saut-ti:

121 240 196 264 mitte
219 246 299 271 super
321 246 369 264 nos
394 241 506 272 gratiam
536 242 651 275 Spiritus
682 242 717 267 tui
740 242 835 272 saucii,
856 241 901 274 qui

119 284 281 313 sanctificet,
300 289 326 310 ct
340 285 481 311 transferat
501 286 557 312 lure
572 287 640 312 dona
657 287 788 318 proposita
807 286 831 311 in
847 293 903 311 cor-

120 337 167 362 pus
195 334 220 355 et
242 331 399 362 sanguinem
420 331 514 357 salutis
535 336 642 357 nostrze.
660 331 691 356 Et
707 332 777 356 hunc
794 331 900 364 quidem

119 382 233 408 panem,
269 375 351 401 sarias
388 383 483 409 corpus
516 381 588 402 tuum
618 381 761 407 sanctum,
790 376 901 401 Domine

119 421 252 455 Denst'i),
278 425 304 446 et
329 421 451 447 Salvator
481 427 571 447 noster
595 422 657 448 Jesu
688 422 805 452 Christe,
831 422 900 455 quod

117 466 197 490 ‹tnur
210 466 235 491 in
256 466 439 492 remissionem
456 471 624 500 peccatorum
639 471 665 493 et
679 466 758 492 vitam
772 470 900 493 reternam

119 510 169 535 illis
185 511 274 544 quiex
293 511 336 537 illo
355 512 563 538 communicant.
582 512 612 538 Et
631 520 734 543 rursus,
758 513 830 539 hunc
855 520 901 538 ca-

118 556 205 587 ticeni,
231 556 384 589 sanguinem
407 557 551 590 pretiosum
569 557 734 584 Testamenti
764 558 800 583 tui
829 557 902 588 novi,

118 601 228 627 ihunine
244 602 319 633 neus,
339 606 363 627 et
381 601 502 628 Salvator
521 607 612 629 nouer
633 603 693 629 Jesu
719 603 835 634 Christe,
852 603 901 629 da-

117 726 229 751 stantias
242 745 248 753 .
273 724 414 757 praesentia
433 725 552 756 corporis
572 729 598 750 et
616 726 753 757 sauguinis
771 726 830 751 talis
847 726 896 756 sit,

117 766 144 786 ut
163 764 318 785 romane-ant
333 759 440 791 sintque
456 766 553 792 corpus
568 764 594 785 et
606 760 714 791 sanguis
727 761 896 795 suscipienti,

117 795 267 828 quis-uuqm¹
298 794 349 822 sit,
370 793 439 819 lideli
464 793 505 819 vel
528 794 637 820 iulideli.
656 795 773 826 Verum,
793 796 895 829 inquit,

116 830 241 855 sacerdos
257 828 299 853 ille
314 828 417 859 Coptita
437 836 465 853 ea
486 828 655 854 invocatione
671 837 750 862 quam
774 831 892 856 omnium

117 864 223 890 ιιιιιιιιιις·Δ
239 862 402 895 pronuntiat,
421 863 444 888 id
459 863 581 895 designat
597 864 780 895 solummodo,
797 872 892 897 panem
911 872 931 899 13

116 903 141 924 ct
159 899 264 928 vinum,
283 904 341 930 qua>
357 904 369 922 a
388 898 463 923 nobis
480 897 504 922 in
521 897 602 924 Coena
619 899 812 931 suscipiuntur,
839 900 894 925 [ieri

116 941 213 966 rurpus
228 937 252 957 ct
270 932 422 964 sanguinem
453 932 572 963 Domini,
597 933 648 959 illis
669 934 713 967 qui
741 935 828 960 debite
852 934 894 960 illa

116 968 272 1000 suscipient.
294 974 413 999 quosque
437 966 552 999 Spiritus
575 973 683 994 sanrtus
699 969 773 1000 prius
796 969 896 995 sancti-

117 1002 233 1027 ticaverit
247 1011 253 1027 :
267 1000 326 1026 illos
339 1008 444 1034 quoque
457 1001 526 1027 solos
540 1003 662 1035 accipere
677 1010 769 1029 verum
783 1011 892 1036 eorpus,

115 1045 166 1062 uon
183 1044 276 1069 panem
298 1035 471 1067 solummodo,
486 1037 529 1069 qui
547 1037 619 1069 prius
634 1044 680 1069 per
699 1038 776 1064 iidem
795 1043 821 1063 et
834 1046 893 1072 gra-

117 1073 180 1097 tiam
209 1070 294 1096 sancti
322 1070 435 1103 Spiritus
462 1070 519 1103 puri
549 1072 609 1097 sacti
640 1072 746 1098 suerint.
776 1072 893 1099 Tandem

115 1106 194 1131 inlicit
211 1106 278 1130 hauc
291 1112 349 1130 esse
367 1105 515 1139 μεταῧολήν
527 1125 533 1136 ,
553 1105 609 1131 sive
624 1108 824 1137 conversionem,
845 1115 895 1133 au-

116 1141 196 1173 tiquis
217 1139 340 1165 Patribus
359 1146 549 1171 memoratam,
575 1147 625 1166 nec
651 1141 819 1173 quaerendam
837 1148 895 1167 esse

115 1176 203 1201 aliam.
226 1174 261 1199 De
282 1174 385 1199 illorum
406 1175 537 1206 theologia
559 1175 639 1200 alium
663 1176 783 1208 quemvis
807 1176 894 1207 potius

116 1209 289 1237 williermum,
309 1209 388 1234 etiam
406 1209 454 1242 ipsi
474 1208 626 1235 Calvinistae
645 1210 742 1235 dudum
757 1209 893 1243 judicave-

115 1250 186 1274 runt,
206 1251 284 1276 quam
302 1243 472 1274 Siltnasiutu,
491 1243 535 1276 qui
553 1244 650 1270 nemini
665 1252 781 1278 uuquam
797 1245 894 1277 proha-

114 1280 151 1305 vit
172 1286 250 1304 voces
268 1279 433 1312 μεταποιεῖν,
452 1278 679 1313 μεταστοιχειοῦν,
707 1279 893 1314 μεταῤῥυθμί-

113 1316 179 1346 ζειν,
195 1313 291 1348 quibus
306 1313 397 1339 Patres
419 1322 470 1339 nou
490 1314 578 1340 miuus
592 1318 712 1344 utuntur,
728 1322 807 1347 quam
828 1315 894 1339 sim-

115 1352 174 1384 plici
193 1347 379 1384 pzemz‘jffzzw,
395 1348 492 1374 nnllam
507 1348 585 1374 aliam
600 1349 776 1375 mutationem
791 1348 893 1381 siguifi-

115 1394 187 1413 care,
206 1392 284 1417 quam
299 1391 358 1409 cani
371 1390 429 1416 ,2¹1ae
444 1383 555 1408 mutatio
570 1390 622 1409 non
639 1383 682 1409 sit.
704 1383 756 1410 Sed
772 1383 822 1409 hoc
842 1390 892 1409 uon

114 1422 217 1453 :iginius
231 1427 237 1444 :
253 1426 342 1444 verum
359 1425 449 1444 coram
459 1417 589 1448 Ecclesia,
600 1423 625 1444 et
638 1418 750 1444 eruditis
759 1417 892 1448 omnibus,

114 1456 158 1488 qni
181 1454 296 1485 aliquam
324 1454 471 1485 linguarum
496 1452 672 1478 01ietttaliutn
697 1453 819 1479 notitiam
845 1453 894 1478 ha·

115 1492 195 1520 ιιι-ιιι,
213 1488 336 1514 Salmasii
361 1495 456 1513 nomeu
472 1487 617 1514 deserimus
629 1508 636 1519 ,
656 1492 781 1521 tanquam
798 1494 892 1513 corru-

115 1525 190 1557 ptelze
207 1522 382 1548 intolerabilis
397 1522 450 1552 rei,
465 1529 524 1548 cum
547 1522 686 1548 lectionem
700 1522 801 1548 codicis
814 1528 891 1555 quem
907 1535 927 1562 C

115 1560 197 1587 citat,
212 1558 345 1590 corrupit,
361 1561 388 1582 et
404 1557 520 1582 enormis
545 1556 657 1582 inscitiae
676 1557 738 1582 dum
756 1556 827 1583 illam
845 1556 892 1582 ab—

115 1593 270 1619 surdissime
298 1597 337 1618 e*t
357 1592 555 1624 interpretatus.
577 1591 601 1617 Is
619 1592 675 1624 ipse
697 1592 780 1618 codex
797 1598 891 1624 supcr-

115 1633 155 1654 εει
177 1628 202 1653 ιιι
231 1627 391 1652 bibliotheca
410 1625 508 1658 negta,
531 1626 596 1651 etin
615 1626 676 1657 illo,
693 1626 762 1652 sicut
785 1627 811 1652 in
834 1625 891 1652 aliis

114 1663 239 1687 ‹nnnibus
258 1661 353 1695 legitur
374 1668 425 1686 non
446 1660 555 1693 pluralis
572 1660 664 1693 prinue
687 1668 807 1693 personae
824 1660 891 1686 cha-

116 1697 281 1723 racteri-tica
299 1694 543 1725 littera,sedtertia:
561 1694 706 1725 l'vtnininaz,
723 1696 783 1728 quia
802 1695 826 1721 in
842 1695 891 1720 lin-

115 1740 164 1764 gua
181 1731 295 1757 Arabica
313 1738 361 1755 vox
377 1735 427 1758 ΠἾἾ
442 1728 543 1760 ῙῖοιιιιΙι,
561 1728 691 1762 Spiritus,
709 1729 827 1755 seminini
851 1734 891 1756 est

114 1766 230 1799 generis.
250 1764 276 1790 ln
296 1765 380 1798 prima
399 1765 478 1791 etiam
495 1771 573 1793 voce,
591 1771 669 1797 quam
683 1765 762 1791 vertit
786 1764 889 1790 Salma-

115 1798 169 1826 sius
187 1800 362 1832 purificemur,
381 1800 450 1824 nulla
468 1805 528 1825 nota
546 1799 641 1831 passivi
654 1803 705 1829 est,
719 1799 890 1825 vertendum-

115 1842 166 1868 que
186 1835 277 1860 luisset
300 1834 481 1866 purificemus,
504 1841 556 1866 quo
576 1833 632 1859 solo
653 1834 808 1859 discrimine
836 1838 889 1859 tota

116 1870 238 1895 machina
267 1869 440 1895 Sahnasianae
468 1868 604 1901 theologiae
630 1868 746 1894 funditus
771 1869 833 1895 ruit.
861 1869 889 1894 ln

114 1905 194 1930 altera
221 1908 242 1929 et
265 1908 442 1929 convertamus
462 1903 556 1929 similis
577 1903 727 1936 corruptela
745 1908 805 1933 est,
829 1910 889 1929 cum

114 1946 209 1965 seusus
221 1940 264 1968 sit,
282 1943 303 1963 et
318 1943 459 1968 concertat,
477 1938 515 1963 vel
532 1938 681 1970 transferat,
698 1942 890 1971 perspectoque

114 1981 172 1999 caut
192 1973 330 1999 let-tionem
348 1973 471 1999 exhibeat
485 1973 565 1998 codex
590 1973 796 2006 mamtscriptus.
813 1972 888 2005 Quod

115 2008 294 2042 προκείμενα,
313 2015 371 2040 quae
392 2007 574 2040 intelliguntur
591 2014 655 2033 voce
672 2007 810 2040 sequenti,
836 2014 888 2032 non

114 2045 201 2068 mit-us
214 2043 347 2068 communi
363 2043 429 2075 apud
442 2043 460 2067 Α
467 2042 543 2068 rubes
556 2042 722 2067 Christianos
734 2049 797 2067 voce
809 2049 888 2075 quam

114 2077 182 2109 apud
200 2076 306 2102 (Ji-:reos
320 2077 412 2107 altera,
429 2077 488 2102 viles
503 2081 525 2101 el
542 2080 655 2101 terrenas
669 2076 810 2102 oblatione.»-
826 2084 887 2102 vet·-

114 2114 161 2141 tit,
179 2119 229 2136 non
247 2112 330 2136 levem
347 2110 477 2144 significat
499 2111 629 2136 Arabismi
646 2111 838 2143 ignorantiam,
861 2115 888 2136 et

114 2154 139 2171 m
155 2153 186 2171 co
204 2147 246 2177 qui
261 2145 325 2170 alios
340 2145 481 2178 imperiose
492 2145 587 2171 doecre
602 2145 727 2174 audebat,
743 2153 793 2171 nou
811 2145 887 2171 facile

115 2180 287 2205 tolerandam.
304 2180 355 2205 Sed
370 2180 437 2205 hunc
456 2187 573 2205 errorem
584 2179 609 2205 in
621 2179 688 2205 libro
704 2179 739 2205 De
753 2181 887 2206 transsub-

114 2215 280 2240 stantiatione
298 2214 447 2239 etueudavit
467 2223 471 2239 :
501 2214 579 2240 l1a·sit
597 2214 621 2239 in
643 2214 701 2240 aliis
718 2215 886 2248 grai-toribus

114 2250 201 2281 longe,
222 2249 357 2282 magisque
376 2248 540 2281 pet'ttiCiosis.

150 2284 233 2309 Porro
256 2283 346 2309 muari
368 2284 433 2308 satis
455 2290 532 2308 ncnto
545 2287 631 2315 potest
651 2282 826 2315 Salmasium,
841 2285 888 2317 qui

116 2319 213 2351 ubique
229 2318 312 2344 ferme
337 2317 369 2343 de
390 2317 478 2350 lingua
497 2317 652 2350 AEgyptiaca
665 2336 671 2347 ,
692 2322 816 2351 tanquam
836 2319 885 2344 sibi

113 2362 164 2379 uon
189 2353 277 2385 ignota
300 2352 427 2385 loquitur,
449 2352 491 2377 ubi
511 2360 577 2384 opus
602 2359 653 2377 uon
669 2357 745 2383 erat,
766 2353 888 2385 ignoran-

114 2394 176 2413 tiam
197 2388 238 2413 vel
261 2387 357 2412 malam
381 2387 459 2411 tidem
484 2387 535 2412 hoe
554 2386 611 2411 loco
626 2387 659 2411 ita
678 2387 843 2419 prodidisse,
861 2392 889 2413 ut

113 2423 278 2448 excusationi
293 2422 379 2447 locum
395 2428 446 2446 non
463 2421 608 2454 reliquerit.
623 2421 711 2446 Codex
726 2429 777 2454 quo
794 2423 887 2448 uteba-

115 2464 156 2482 tur
171 2456 328 2490 [Egyptiace
355 2456 468 2488 scriptus
483 2460 538 2480 crat
557 2460 583 2481 et
596 2455 726 2486 Arabiee;
744 2464 791 2481 cur
808 2457 888 2489 igitur

113 2494 144 2516 de
163 2492 288 2524 primario
315 2496 387 2516 textu
413 2498 445 2515 ue
468 2490 575 2516 verbum
599 2491 704 2523 quidem
733 2491 811 2521 fecit,
838 2491 886 2517 uisi

113 2527 181 2557 quod
200 2526 271 2550 illum
298 2533 348 2551 non
373 2525 551 2557 intelligebat,
579 2525 647 2557 quod
664 2524 754 2555 tacite,
780 2526 799 2549 si
821 2533 887 2557 opus

113 2565 192 2591 wsset,
207 2561 389 2593 probaremus.
409 2560 479 2585 Saue
499 2560 519 2584 si
537 2559 724 2590 intellexisset,
745 2568 795 2584 uon
813 2560 884 2585 ittum

112 2596 178 2620 adeo
194 2595 326 2627 petitione
346 2594 441 2620 tronus
460 2595 541 2619 fuisse
555 2594 693 2626 quisquam
710 2595 799 2619 eri-dat
811 2614 817 2624 ,
841 2600 885 2625 ut,

112 2629 216 2660 qualem
234 2637 263 2653 ex
282 2630 396 2654 Arabica
415 2629 534 2654 versione
552 2633 718 2653 commentus
737 2635 787 2657 est,
805 2630 886 2654 inter-

112 2664 286 2695 pretationem
301 2665 374 2690 daret
389 2672 395 2689 :
413 2663 626 2696 quandoquidettt
639 2663 752 2688 orationi
769 2663 886 2696 Coptica:

112 2705 220 2729 prorsus
235 2699 401 2724 routradicit.
418 2698 492 2729 Quod
504 2698 605 2723 etiamsi
623 2705 674 2723 nou
689 2702 769 2728 esset,
787 2703 813 2723 at
827 2705 886 2730 quse

111 2739 172 2757 mox
188 2732 373 2763 subjiciuntur,
395 2733 554 2759 sententiam
573 2733 596 2757 iu
616 2738 707 2765 aperta
731 2732 788 2757 lure
804 2734 880 2758 collo-

111 2771 183 2797 rant,
198 2767 435 2800 demonstrantque
453 2767 504 2800 peti
521 2767 642 2799 illapsum
657 2768 741 2792 sancti
758 2767 883 2799 Spiritus,

110 2800 218 2833 rjusque
232 2803 452 2834 ‹›pe1·atioiu:=n·.n
470 2803 537 2826 donzi
553 2802 695 2834 proposita.
711 2801 779 2826 Nihil
797 2806 884 2827 autent

109 2836 206 2863 tettitu
235 2844 292 2862 esse
315 2844 394 2866 uuam
421 2835 490 2869 quod
515 2837 546 2862 de
573 2836 736 2862 Salmasiana
765 2837 884 2863 vetsioni:

625 139 787 166 latens-ta
810 140 837 165 S.
860 137 1023 165 CRECORH
1044 138 1199 166 COP'rtCA.

922 200 941 224 Α
959 201 1013 221 ιιιιιι
1031 197 1055 222 ιιι
1075 198 1258 223 remissionem
1273 202 1443 231 pcccatorum
1467 201 1493 223 et
1512 196 1537 222 in
1554 196 1633 223 vitam
1660 202 1738 226 :nter—

1684 141 1737 168 688

954 248 1014 266 natu
1027 242 1286 268 communicantibus
1299 250 1330 269 ex
1349 250 1390 268 00.

989 284 1117 317 Populus.
1133 286 1226 312 Amen.

987 330 1123 357 Sacerdos.
1140 331 1231 365 ltaque
1247 340 1369 366 rogamus
1382 337 1416 364 te,
1432 332 1537 359 Christe
1551 332 1619 359 Deus
1635 338 1736 366 noster,

952 377 1080 402 confirma
1101 376 1271 404 fundamenta
1290 377 1414 403 Ecclesia}
1436 386 1442 403 :
1461 377 1630 403 concordiam
1647 379 1737 404 chari-

953 422 1015 448 tatis
1044 423 1070 448 in
1097 423 1172 449 uobis
1199 423 1326 449 radicitus
1352 423 1439 449 insere
1458 432 1464 449 :
1485 428 1614 456 augeatur
1634 424 1737 455 puritas

953 467 1013 494 futei
1030 474 1168 502 :praepara
1183 467 1260 494 nobis
1272 467 1341 492 viam
1352 473 1451 494 rectam
1470 468 1576 500 pietatis
1591 476 1598 494 ε
1616 473 1738 502 pastores

953 514 1096 540 corrobora
1118 524 1124 540 :
1144 522 1234 540 corum
1246 522 1339 548 greges
1351 513 1479 540 confirma
1495 523 1502 540 :
1520 514 1551 540 da
1564 521 1652 540 mores
1664 519 1738 541 recte

954 559 1118 592 compositos
1144 559 1226 590 clero,
1246 559 1384 585 monachis
1397 559 1601 590 continentiam,
1620 559 1735 592 virgini-

953 604 1002 630 bus
1026 603 1179 637 puritatem,
1205 604 1355 638 conjugatis
1378 605 1560 636 concordiam,
1580 604 1734 631 misericor-

951 725 1083 755 diximus,
1100 726 1187 752 sciunt
1202 725 1354 759 quicunque
1368 725 1472 751 litteras
1489 726 1640 753 Orientales
1663 734 1677 753 a
1698 727 1733 754 li-

952 760 1022 786 miue
1049 760 1222 786 salutaverint
1246 769 1253 786 z
1278 759 1444 793 AEgypnacae
1468 760 1575 793 linguae,
1597 769 1656 793 qum
1680 769 1732 788 nou

952 795 1017 821 adeo
1033 795 1183 820 eommunis
1195 799 1249 825 est,
1265 795 1435 820 mediocriter
1453 795 1565 827 peritum
1580 802 1639 822 esse
1655 803 1734 828 opor-

948 833 994 859 tet,
1010 834 1037 854 ut
1054 837 1128 855 error
1147 833 1317 862 agnoscatur,
1334 836 1393 854 cum
1408 829 1553 855 observare
1569 829 1683 856 sufficiat
1699 838 1733 858 ex

947 863 1180 896 imperfectissima
1197 864 1370 897 grammatica
1394 871 1460 896 ντεφ
1477 872 1535 897 quae
1554 869 1613 890 nota
1629 864 1645 889 5
1670 872 1732 898 per-

947 906 1019 924 sonae
1040 898 1121 924 futuri
1143 899 1183 924 vel
1201 898 1371 930 subjunctivi,
1391 905 1423 924 eo
1439 898 1498 924 loco
1514 900 1658 932 usurpari,
1678 907 1729 926 non

947 934 1038 965 priutre
1058 933 1167 966 pluralis
1187 940 1306 965 personae
1323 937 1423 958 notam.
1447 933 1522 959 Adde
1548 934 1731 960 testimonium

946 968 1029 993 Graeci
1045 968 1155 999 codicis,
1172 972 1199 994 et
1217 967 1348 1000 adjuncta}
1363 968 1494 994 versionis
1509 968 1630 994 Arabicae
1643 988 1650 1000 ,
1670 977 1729 1002 quae

947 1002 1039 1028 salsam
1059 1002 1129 1028 illam
1154 1007 1181 1028 et
1207 1002 1351 1028 absurdam
1379 1002 1503 1028 Saltuasii
1530 1003 1729 1036 interpretatio-

946 1045 1005 1063 nem
1032 1036 1192 1067 destruunt,
1217 1044 1276 1062 cum
1306 1036 1422 1062 habeant
1449 1037 1550 1071 ἁγιάσῃ
1576 1037 1622 1063 καὶ
1648 1046 1729 1072 μετα-

946 1071 1056 1106 ποιήσῃ.
1079 1071 1178 1103 Corpus
1195 1076 1217 1097 et
1239 1071 1346 1104 sanquis
1369 1071 1548 1102 liberationis,
1572 1077 1617 1097 aut
1637 1073 1730 1098 salutis

946 1110 1052 1137 nostrae,
1067 1106 1192 1132 dicuutur
1205 1113 1303 1139 eorpus
1315 1109 1340 1131 et
1352 1106 1460 1138 sanguis
1473 1105 1583 1137 Christi,
1597 1106 1659 1139 quia
1683 1114 1731 1140 per

946 1140 1106 1166 sacrificium
1133 1141 1269 1173 corporis,
1295 1144 1321 1166 et
1349 1139 1506 1167 effusionem
1538 1141 1674 1174 sanguinis
1703 1141 1730 1168 in

946 1175 1080 1207 passione,
1101 1179 1155 1200 tum
1173 1174 1404 1208 participationem
1418 1175 1474 1206 ejus
1494 1174 1521 1201 in
1539 1176 1728 1206 sacramentis,

947 1209 1020 1235 salus
1035 1215 1061 1235 et
1082 1209 1204 1235 liberatio
1225 1209 1300 1235 nobis
1322 1217 1336 1234 a
1358 1210 1473 1241 peccatis
1489 1209 1607 1243 praestita
1625 1214 1684 1241 est,
1702 1215 1729 1236 et

946 1250 1026 1275 porro
1043 1248 1195 1276 proestatur.
1218 1243 1256 1269 Eo
1277 1244 1302 1269 in
1327 1243 1385 1269 loco
1407 1243 1513 1270 codices
1534 1244 1656 1278 plerique
1681 1245 1730 1270 ha-

945 1277 1009 1304 bent
1031 1286 1160 1309 πενειωτ.,
1187 1285 1251 1304 voce
1278 1278 1447 1310 abbreviata,
1469 1282 1500 1304 ut
1526 1278 1588 1304 alibi
1613 1279 1728 1311 saepius,

946 1313 1016 1339 unde
1031 1313 1121 1347 σωτήρ
1142 1312 1182 1339 vel
1201 1312 1321 1347 σωτηρία
1343 1312 1393 1347 legi
1410 1317 1506 1346 potest.
1525 1313 1578 1339 Sed
1593 1313 1727 1347 ambigui-

946 1350 1027 1373 tatem
1044 1347 1205 1373 determinat
1227 1349 1311 1373 codex
1327 1346 1435 1374 Gt·ae‹·us
1448 1367 1456 1378 ,
1473 1348 1516 1374 ubi
1544 1348 1657 1374 habetur
1676 1348 1728 1383 τῆς

945 1381 1079 1416 ἡμετέραις
1093 1381 1322 1416 ἀπολυτρώσεως,
1338 1386 1366 1407 ιιι
1380 1382 1467 1409 versio
1485 1382 1542 1415 ejus
1559 1382 1686 1415 Arabica,
1702 1387 1730 1410 et

945 1417 1003 1442 aliae
1018 1424 1078 1450 quae
1093 1417 1210 1450 Copticis
1231 1416 1429 1450 exemplaribus
1446 1417 1639 1451 adjunguntur.

981 1451 1018 1484 (7)
1035 1451 1158 1478 Occurrit
1182 1451 1224 1477 hic
1240 1451 1362 1477 lectionis
1378 1451 1503 1478 varietas.
1523 1452 1610 1478 codex
1636 1456 1728 1478 noster

944 1493 1023 1519 quem
1045 1486 1245 1519 interpretando
1264 1486 1350 1512 secuti
1370 1493 1462 1512 sumus
1475 1506 1482 1517 ‚
1499 1486 1535 1512 ita
1551 1491 1579 1512 ιιι
1594 1487 1728 1519 expressi-

946 1528 1015 1551 mus,
1034 1520 1113 1546 habet
1128 1528 1258 1555 ητεκαιφ,
1283 1520 1366 1553 facias
1378 1527 1388 1545 .·
1411 1521 1499 1547 versio
1514 1521 1628 1547 Arabica
1649 1521 1726 1547 sinti-

945 1554 1027 1580 liter:
1053 1555 1089 1580 ita
1114 1559 1218 1586 tamen,
1244 1560 1271 1580 ut
1288 1555 1319 1580 ad
1339 1555 1468 1587 Spiritum
1489 1560 1609 1582 sanctum
1631 1555 1725 1581 referri

944 1589 1044 1621 possin
1059 1589 1091 1614 Et
1107 1589 1186 1622 [aciat
1198 1596 1207 1614 :
1225 1590 1286 1622 quia
1302 1593 1330 1615 ut
1343 1590 1441 1615 dictum
1456 1594 1496 1616 est
1516 1590 1636 1616 seminini
1658 1590 1726 1616 Ara-

943 1623 1006 1654 bici,
1023 1624 1048 1649 in
1061 1632 1113 1657 quo
1125 1630 1223 1657 genere
1239 1629 1280 1650 est.
1292 1631 1342 1650 vox
1360 1628 1406 1652 ΠΠ
1426 1624 1494 1658 apud
1513 1624 1625 1655 Arabes,
1648 1625 1725 1650 tertia

942 1664 1072 1691 persona,
1086 1659 1206 1684 camdem
1227 1665 1306 1692 quam
1329 1660 1445 1684 secunda
1462 1659 1601 1692 utriusque
1620 1659 1726 1692 generis

943 1693 1189 1719 characteristicum
1222 1692 1338 1726 praesert.
1362 1693 1460 1719 Verum
1495 1694 1591 1720 melior
1615 1693 1725 1719 oumino

942 1727 1022 1754 lectio
1038 1732 1079 1754 est
1090 1728 1235 1754 secundum
1247 1727 1369 1754 &meum
1382 1728 1528 1760 exemplar,
1544 1729 1590 1754 καὶ
1603 1729 1723 1762 ποιήσει,

942 1762 981 1788 vel
995 1763 1083 1796 potius
1096 1763 1206 1797 ποιήσῃ,
1222 1768 1243 1789 et
1257 1761 1348 1796 faciat,
1361 1767 1389 1789 ut
1405 1763 1436 1789 ad
1455 1763 1584 1796 Spiritum
1602 1768 1723 1788 sanetum

942 1796 1083 1827 referatur,
1109 1797 1183 1830 cujus
1211 1797 1360 1829 postutaun-
1389 1796 1529 1824 adventus.
1555 1798 1592 1823 lta
1618 1804 1724 1831 quoque

942 1831 1039 1864 legitur
1059 1832 1086 1857 in
1111 1832 1169 1858 aliis
1184 1832 1323 1858 codicibus
1342 1832 1460 1865 Copticis
1473 1852 1480 1863 ,
1496 1833 1540 1866 qui
1565 1832 1724 1865 antiquitate

941 1870 1069 1899 praestant
1082 1876 1088 1893 :
1101 1875 1202 1893 παιωικ
1218 1875 1265 1901 μεν
1282 1875 1390 1901 ητειαιφ
1407 1875 1504 1901 ησωμα
1518 1867 1616 1893 εθουαὸ
1628 1875 1699 1901 ητα-κ.
1715 1875 1722 1892 :

941 1905 1020 1935 atque
1035 1901 1068 1927 tta
1088 1902 1225 1929 versiones
1240 1902 1370 1928 Arabicae.
1387 1902 1525 1928 Sententia
1543 1906 1631 1928 tamen
1652 1906 1723 1929 utro-

941 1936 1020 1968 bique
1034 1936 1126 1963 eadem
1142 1941 1192 1966 est,
1214 1936 1269 1962 sive
1284 1936 1407 1962 Christus
1428 1936 1518 1966 iaciat.
1536 1937 1592 1963 sive
1607 1936 1722 1970 Spiritus

940 1975 1050 1997 sanctus
1065 1971 1098 1997 ob
1113 1978 1145 1997 eo
1161 1972 1269 1998 niissuS.
1288 1970 1381 1996 versio
1395 1970 1533 1997 lliaronitae
1547 1982 1554 1998 :
1569 1971 1603 1996 Ec
1618 1972 1661 1997 hic
1675 1971 1721 2003 fiac

939 2005 1014 2037 panis
1023 2013 1115 2039 corpus
1127 2011 1321 2032 sacrosanctum
1331 2009 1414 2035 tuum,
1426 2005 1544 2037 Domine,
1553 2013 1638 2039 neque
1651 2005 1722 2039 Cop-

941 2040 1004 2071 tico,
1014 2041 1231 2073 nequem-abico,
1245 2039 1389 2066 autGraeco
1402 2041 1484 2066 textui
1500 2042 1651 2074 respondet.
1663 2040 1720 2066 Jam

940 2082 1002 2100 vero
1011 2075 1133 2101 Salmasii
1148 2074 1357 2101 admiratoribus
1373 2075 1517 2107 incumbit,
1530 2079 1558 2100 ut
1572 2075 1719 2108 speciosam

939 2109 1054 2142 aliquam
1081 2110 1209 2135 rationem
1231 2109 1343 2139 silcutii,
1360 2110 1429 2142 quod
1447 2110 1597 2136 eircaltztnc
1619 2114 1720 2143 partem

938 2144 1067 2170 orationis
1092 2144 1262 2175 observavit,
1286 2144 1362 2170 nobis
1390 2145 1515 2174 reddant,
1542 2152 1601 2170 cum
1630 2149 1719 2170 tamen

940 2179 1098 2210 praecedenti
1124 2179 1276 2205 necessario
1296 2179 1437 2210 conjuncta
1465 2181 1516 2210 sit,
1545 2184 1625 2212 atque
1653 2179 1720 2204 adeo

941 2220 992 2238 una
1009 2220 1041 2239 ex
1057 2214 1139 2239 altera
1157 2214 1284 2246 explicari
1300 2214 1405 2239 debeat.
1425 2213 1462 2239 Ex
1479 2214 1536 2246 ejus
1556 2214 1718 2246 interpreta-

943 2248 1031 2277 tione,
1051 2255 1129 2280 quam
1151 2248 1231 2280 priori
1253 2247 1395 2278 attribuit,
1416 2248 1449 2273 ita
1467 2248 1622 2274 vertendum
1643 2247 1715 2273 crit:

942 2280 973 2306 Et
989 2283 1056 2307 [tunc
1072 2283 1175 2314 (strident
1191 2290 1282 2314 punem
1299 2282 1439 2314 suciamus,
1455 2290 1547 2315 corpus
1563 2287 1637 2307 tuum
1657 2289 1718 2306 sott-

940 2322 1020 2347 ctwn,
1040 2316 1146 2342 Domine
1162 2324 1170 2341 :
1185 2317 1254 2350 quod
1268 2318 1351 2342 codici
1367 2317 1470 2347 linceo,
1488 2316 1596 2349 Coptico
1612 2320 1638 2341 et
1653 2317 1718 2341 Ara-

940 2350 1000 2377 bico
1021 2355 1150 2385 repugnat
1167 2358 1218 2376 non
1234 2350 1321 2376 minus
1337 2359 1415 2383 quam
1432 2351 1555 2377 omnibus
1574 2350 1718 2383 cujuscun-

940 2393 991 2418 que
1012 2385 1105 2418 tingint-
1125 2385 1266 2419 Liturgiis,
1282 2391 1490 2418 sanctorumque
1511 2385 1620 2410 l‘atrum
1643 2385 1718 2410 theo-

940 2420 1032 2453 logi-te,
1053 2420 1166 2446 maxime
1190 2428 1251 2446 iero
1276 2420 1450 2446 Orientalium
1479 2420 1649 2453 scriptorum.
1680 2419 1718 2445 ttti

939 2462 1009 2480 enim
1034 2454 1111 2488 vulgo
1135 2455 1241 2485 dicunt,
1259 2454 1388 2486 Spiritum
1403 2459 1525 2480 sanctum
1548 2454 1619 2480 illabi
1638 2461 1718 2486 super

939 2488 1007 2515 dona
1023 2489 1177 2523 proposita,
1195 2490 1263 2515 sicut
1288 2489 1312 2514 in
1331 2487 1361 2514 B.
1378 2488 1486 2514 Mariam
1510 2488 1643 2521 Virginem
1662 2488 1719 2513 illa—

939 2531 1001 2556 psus
1018 2529 1070 2554 est,
1086 2529 1112 2550 et
1128 2524 1151 2549 in
1176 2524 1251 2549 altari
1267 2523 1383 2548 formare
1399 2530 1496 2555 corpus
1515 2523 1625 2554 Christi,
1647 2527 1718 2548 sicut

939 2558 1001 2583 illud
1021 2559 1045 2584 ιιι
1064 2564 1138 2584 utero
1162 2558 1295 2591 Virginis,
1317 2565 1348 2584 ex
1371 2557 1489 2589 ejusdem
1507 2565 1587 2584 carttc
1605 2562 1631 2583 et
1653 2565 1715 2582 san-

938 2593 1017 2625 guine
1033 2593 1168 2620 sot-mavit.
1184 2593 1218 2618 ita
1235 2592 1349 2618 Severus
1360 2592 1608 2623 Ast-lunoninensis,
1625 2591 1716 2617 liomi-

938 2628 978 2653 tte
994 2628 1025 2654 de
1041 2628 1142 2654 cirritlo
1158 2628 1218 2653 anui
1233 2647 1240 2658 ,
1256 2627 1383 2652 Barsalibi
1395 2645 1402 2656 ,
1418 2627 1617 2660 Almlsaragius,
1633 2631 1660 2651 et
1673 2626 1716 2651 alii

937 2670 1050 2694 quorum
1066 2663 1218 2689 testimonia
1236 2661 1297 2687 alibi
1313 2661 1394 2686 relata
1410 2666 1482 2687 sunt.
1502 2662 1644 2691 Sacerdos,
1663 2661 1713 2685 mi-

937 2697 1082 2723 nisterialis
1098 2705 1175 2723 causa
1192 2703 1250 2723 est:
1268 2696 1384 2729 Spiritus
1410 2701 1519 2722 sanctus
1543 2703 1623 2722 causa
1640 2695 1712 2725 prin-

937 2732 1028 2763 cipalis
1043 2741 1048 2757 :
1066 2732 1087 2757 si
1106 2733 1165 2764 quis
1179 2732 1247 2757 ultra
1265 2731 1466 2763 philosophatus
1484 2736 1535 2761 est,
1550 2736 1578 2756 ut
1591 2729 1713 2761 Diampe-

938 2773 1029 2792 renses
1045 2774 1170 2792 censores
1184 2786 1191 2798 ,
1210 2772 1236 2792 et
1255 2766 1441 2791 emendatores
1463 2766 1563 2798 aliquot.
1583 2763 1712 2797 ignobiles

937 2799 1127 2833 Litai-giarium,
1158 2801 1266 2827 minima
1296 2805 1336 2826 est
1362 2800 1412 2827 hoc
1437 2800 1463 2827 ιιι
1490 2806 1589 2833 genere
1608 2799 1714 2826 illorum

939 2842 1069 2861 tritt-{ertia
1089 2854 1095 2860 .
