1859 2998
143 93 197 121 745
1723 106 1771 132 744

139 152 248 182 horem
274 152 448 190 collocasti,
465 153 532 184 Tibi
552 154 656 184 irritus
673 155 830 185 reddatur.
851 166 863 181 >1
887 155 1051 194 Quumque
1074 164 1131 193 ego
1148 157 1230 187 dicto
1247 166 1372 196 parens,
1400 159 1439 189 ad
1461 162 1583 197 tempus
1608 159 1772 198 sepositis,

140 224 220 255 quos
243 216 370 247 molitus
386 225 488 254 eram,
505 218 683 254 laboribus,
701 219 775 248 Elim
798 218 967 248 editionem
994 227 1152 257 pararem,
1168 220 1287 250 interea
1311 221 1520 251 redemtorem
1536 222 1582 251 Tu
1602 221 1772 260 plurimum

139 276 346 306 reverendum
360 277 517 315 Migneum
533 278 610 308 mihi
626 278 811 313 celiciliasti,
827 278 857 307 id
873 281 920 308 est
939 278 1037 307 virum
1059 282 1165 308 natum
1182 280 1405 318 promovendis
1424 280 1534 310 studiis
1549 280 1600 309 SS.
1625 279 1772 310 Ecclesiae

139 337 283 373 Panum,
296 336 351 375 qui
367 345 464 375 quum
485 337 623 375 primum
638 336 838 372 instituisset,
855 337 930 366 Elim
948 338 1191 369 commentarios
1211 339 1350 378 integros
1370 340 1479 377 edere,
1502 343 1646 379 essetque
1662 349 1771 371 eorum

136 408 163 427 >n
173 398 221 428 oie
237 407 254 428 a
269 398 432 437 proposito
449 398 627 434 deterritus,
646 405 683 427 eo
699 397 857 427 lubentius
872 397 932 428 hoc
948 397 1073 428 illorum
1090 400 1314 439 compendium
1329 400 1548 431 redimendum
1563 400 1711 440 suscepit.

178 479 317 518 Accipite
333 480 438 519 igitur,
455 482 603 512 Fautores
617 484 647 512 et
662 480 760 510 Amici
777 480 1075 518 benevolentissimi,
1092 485 1240 521 tanquam
1257 483 1334 522 grati
1346 483 1560 514 testimonium
1575 484 1680 521 animi,
1696 484 1769 521 hoc,

145 541 222 581 Iuod
239 541 335 572 Vobis
361 543 502 580 debetur,
528 544 733 583 opusculum,
763 543 811 574 cui
830 544 855 573 si
879 553 914 574 ea
932 544 1010 574 desit
1036 545 1185 575 doctrinae
1203 549 1233 576 et
1256 546 1347 585 copia
1364 549 1394 577 et
1421 547 1605 587 perpohtio,
1631 556 1692 587 qua
1712 546 1770 577 viri

137 608 266 643 eruditi,
280 607 378 637 literis
394 607 530 645 antiquis
553 607 648 637 ossieii
665 616 740 645 ergo
756 610 917 644 vacantem,
934 616 1030 647 opera
1044 618 1099 639 sua
1117 618 1229 640 ornare
1243 613 1473 640 consueverunt
1489 619 1494 639 :
1512 619 1604 649 spero
1628 610 1712 646 sore,
1737 616 1770 641 ut

137 667 211 697 milii
239 667 417 705 ignoscatis.
436 668 544 706 Neque
570 668 654 697 enim
673 669 735 698 Vos
756 668 841 704 latet,
864 677 913 698 mo
929 667 1133 707 philologiam
1149 672 1297 709 tanquam
1320 674 1458 709 πάρεργον
1472 672 1602 700 tractare
1627 672 1770 699 coactum

142 741 204 762 :sse
223 736 252 761 et
268 732 389 762 erudito
406 732 469 762 otio
488 736 609 762 tantum
625 741 689 763 non
707 741 825 763 carere.
846 732 907 763 Sed
929 733 977 763 vel
994 733 1038 763 sic
1059 733 1097 763 de
1111 733 1209 763 literis
1225 733 1380 772 antiquis,
1397 733 1492 763 sacris
1507 733 1623 771 pariter
1641 741 1676 763 ao
1694 741 1771 771 pro-

141 797 233 832 tanis,
250 796 330 826 bene
351 797 465 826 mereri
486 807 581 837 porro
597 799 747 834 conabor,
764 799 865 828 donee
883 799 956 833 Vos.
970 798 1034 828 Viri
1048 797 1265 834 eruditissimi,
1283 806 1354 827 eum
1369 797 1522 827 similibus
1532 797 1676 826 Vestrum
1692 794 1771 824 meis

139 860 299 890 :omatibus
314 859 417 890 favere
435 861 535 892 video.
558 862 648 898 Quod
659 866 693 892 ut
708 871 804 901 porro
821 862 941 892 faciatis
958 864 1055 901 utque
1072 870 1122 891 me
1133 870 1238 892 amare
1249 861 1385 900 pergatis
1396 884 1403 897 ‚
1421 861 1485 891 Vos
1499 868 1575 899 rogo
1591 862 1685 899 atque
1701 865 1768 888 oro.

139 922 254 951 Valete.

175 1005 290 1035 Dabam
306 1007 415 1036 Bernee
430 1005 645 1037 Helvetiorum
660 1006 762 1046 pridie
779 1006 841 1037 Cal.
858 1005 956 1046 April.
971 1007 1195 1036 MDCCCLVIII.

1211 1143 1245 1171 A.
1273 1141 1415 1171 Ifflmus.
