1859 2998
100 173 151 200 (389

623 168 785 195 LtTUttha
808 169 835 196 S.
860 165 1022 194 GREGOtttt
1042 161 1194 192 COl‘TlCA.

1667 159 1718 185 (it-0

100 230 171 256 diam
187 228 240 254 illis
254 227 298 262 qui
315 227 342 254 in
361 226 518 261 poenitentia
534 230 595 253 sunt
620 226 669 259 (8),
692 225 883 259 benignitatem
901 229 922 256 Λ
939 228 1090 250 nostrorum
1117 219 1339 249 orthodoxorum,
1358 219 1402 252 qui
1421 222 1481 245 sunt
1508 218 1534 244 in
1562 218 1671 252 palatio,
1691 223 1718 245 et

100 274 236 304 divitibus,
256 273 412 299 modestiam
425 272 456 298 iis
477 272 521 305 qni
540 271 564 297 in
581 271 708 304 dignitate
722 275 797 303 sunt,
811 272 883 296 auxi-

102 320 164 346 lium
185 318 365 353 pauperibus:
389 325 464 344 senes
496 317 591 343 robora
612 324 618 342 :
645 317 755 349 juvenes
785 317 882 343 crudi:

103 365 221 390 inlidelcs
237 369 382 390 converte:
401 367 505 389 cessent
524 363 556 389 ab
576 361 694 388 Ecclesia
713 363 857 388 schismata
877 372 882 388 ε

103 410 220 442 deprime
232 409 382 442 superbiam
398 408 544 437 lucr-escon,
557 412 584 433 et
604 415 652 433 nos
669 414 762 433 omnes
777 407 807 433 ad
823 415 885 433 con-

102 454 220 479 cordiam
240 454 346 487 pietatis
364 453 481 479 adunare
501 452 627 486 digneris.

141 498 267 531 Populus.
285 498 403 529 Domine,
422 499 558 525 miserere.

141 543 282 569 Diaconos.
308 544 388 570 Orate
415 552 462 577 pro
487 551 551 578 pace
577 544 655 570 unius
695 543 833 570 catholica:
861 548 887 569 ct

105 588 256 622 apostolicm
278 588 322 614 Dei
345 589 482 615 [iceles-ne.

141 632 277 659 Sacerdos-
293 633 552 664 lllentento,l)0m.uo
568 635 652 667 pacis,
665 636 760 665 unicae,
777 639 886 666 sanctae,

105 678 245 705 cattiottcae
266 683 293 705 ct
317 679 469 712 apostolica:
494 679 619 706 Ecclesia}
647 684 707 710 tum,
728 688 786 714 qua:
808 685 847 707 est
874 689 887 706 a

108 723 202 749 linibus
223 731 306 757 usque
324 723 356 749 ad
385 724 450 750 fines
474 729 561 755 terrm,
584 728 610 750 et
632 732 723 751 corum
747 723 791 758 qui
819 728 890 750 recte

107 768 262 801 dispensant
278 768 303 794 in
317 776 347 795 ea
363 769 471 796 verbnm
486 769 617 795 veritatis.

143 813 285 839 Dim-onus.
305 814 386 840 Orate
408 822 455 847 pro
478 814 602 847 pontitiee
622 818 713 839 nostro
730 821 796 847 papa
814 813 889 838 Anba

108 859 139 885 N.
158 860 187 885 D.
209 860 409 894 archiepiscopo
435 868 537 894 magna}
567 861 640 886 urbis
668 859 845 890 Alexandriae,
867 863 892 885 et

109 911 157 938 pro
177 905 332 931 orthodoxis
349 905 480 939 episcopis

145 948 284 976 Sacerdos.
302 950 454 977 Praesernni
478 957 540 977 vcro
557 950 718 984 patriarcha:
744 951 825 976 nostri
843 950 892 975 t‘a-

111 995 160 1022 tris
182 996 344 1023 venerabilis
367 996 444 1023 Anba
459 996 490 1024 N.
512 1002 539 1023 et
561 996 647 1023 Patris
674 996 756 1022 nostri
777 996 893 1030 episcopi

110 1040 187 1066 Anba
204 1039 236 1066 N.
255 1045 387 1067 eteorum
402 1041 445 1075 qui
464 1041 506 1068 liic
530 1041 637 1072 adsunt,
652 1046 678 1067 et
695 1042 739 1075 qui
757 1041 894 1074 requieve-

112 1086 191 1112 runt,
220 1082 428 1117 episcoporum,
457 1084 685 1117 hegumenortun,
714 1084 893 1113 sacerdotum,

112 1127 297 1159 diaconorum,
321 1128 557 1161 subdiaconorum,
584 1131 725 1160 tectorum,
742 1133 894 1159 cantorum,

82 1181 88 1183 ·
112 1173 321 1205 exorcistarum,
353 1175 557 1205 monachorum,
579 1175 721 1208 virgiuum,
747 1174 895 1204 viduarum.

112 1219 318 1251 continentium,
348 1220 540 1254 orphanorum,
566 1220 707 1251 laicorum,
731 1226 756 1247 ct
777 1221 895 1247 omnium

115 1264 231 1290 fidelium
251 1264 374 1291 Ecclesire
389 1270 439 1291 tute
458 1270 566 1291 sanctae.

188 1310 330 1336 Diaconos.
359 1310 440 1337 Orate
467 1318 514 1344 pro
543 1319 604 1344 rege
643 1315 734 1337 nostro
763 1310 897 1337 Christum

117 1360 223 1382 amante
238 1355 286 1389 (9).

190 1402 331 1429 Sacerdos.
347 1401 489 1433 Memento,
507 1403 728 1434 nornine-,eornm
744 1403 787 1435 qui
806 1409 900 1436 twgna-

119 1452 214 1473 verunt
231 1455 289 1473 cnm
306 1448 414 1481 pietate,
430 1453 455 1474 ct
473 1456 564 1474 cortun
581 1449 624 1482 qui
644 1454 766 1482 regnant.

157 1491 299 1517 Diaconus.
327 1491 466 1524 Memento,
499 1492 620 1523 Domine,
646 1493 761 1519 lidcliutn
790 1492 900 1518 fratrum

123 1542 283 1563 nostrornm.

936 269 1022 295 omnis
1040 267 1186 294 exercitus.

972 314 1114 340 Diaconos.
1133 312 1215 339 Orate
1231 318 1278 345 pro
1294 310 1325 337 iis
1339 309 1383 343 qui
1399 313 1460 335 sunt
1476 309 1501 334 in
1518 309 1617 342 palatio
1633 308 1721 335 fratri-

936 360 986 386 bus
1004 359 1104 385 nostris
1122 357 1254 389 fidelibus,
1268 360 1296 382 ct
1312 354 1479 387 orthodoxis,
1494 359 1520 380 et
1533 362 1580 387 pro
1597 354 1722 381 universo

936 405 1066 432 exercitu.

973 450 1112 478 Sacerdos.
1131 449 1274 480 Memento,
1290 447 1409 477 Donnne,
1422 454 1514 473 corum
1530 446 1573 479 qui
1588 445 1634 472 tibi
1646 446 1724 471 obtu-

938 497 1026 523 lerunt
1044 497 1099 523 hirc
1116 496 1196 526 dona,
1219 499 1244 521 et
1270 501 1363 520 corum
1379 493 1422 526 qui
1447 500 1494 526 pro
1515 500 1543 518 se
1560 491 1722 521 obtulerunt,

938 548 965 569 et
983 549 1075 569 eorum
1092 548 1140 575 pro
1156 541 1253 575 quibus
1267 539 1355 566 oblata
1371 542 1431 566 sunt
1449 546 1455 564 ε
1472 538 1589 564 concede
1602 537 1726 563 omnibns

940 588 1089 614 mercedem
1104 594 1118 614 e
1131 586 1210 613 coelo.

976 634 1120 659 [tim-onus.
1143 631 1223 659 Orate
1235 638 1282 665 pro
1295 630 1328 656 ‘ns
1344 630 1389 664 qui
1408 629 1572 655 obtulerunt.

977 677 1115 704 Sacerdos.
1132 677 1274 707 Memento,
1290 675 1413 707 Domine,
1425 675 1602 700 habitantium
1617 673 1642 699 in
1656 682 1727 698 ntun-

942 724 1012 750 tibus
1029 729 1055 750 ct
1072 723 1197 750 cavernis
1216 732 1221 748 :
1240 727 1266 748 et.
1284 722 1396 748 fratrum
1426 725 1577 747 nostrorum
1602 719 1646 753 qui
1668 723 1729 744 sunt

943 769 968 794 in
986 767 1140 802 captivitate
1163 775 1168 791 z
1185 766 1301 793 concede
1317 766 1369 792 illis
1390 769 1418 791 ut
1433 765 1544 798 pacilice
1560 764 1593 790 ad
1615 771 1662 789 sua
1679 763 1728 788 do-

943 814 1041 840 micilia
1057 817 1232 839 revertantur.

981 859 1122 885 Diaconns.
1137 858 1217 884 Orate
1233 865 1280 891 pro
1297 857 1420 890 captivis.

980 904 1108 938 Populus.
1123 903 1244 933 Domine,
1266 903 1401 928 miserere.

982 949 1124 974 Diaconus.
1141 947 1258 973 Adorate
1272 946 1374 979 Agmnn
1394 945 1508 971 Verbum
1528 945 1572 971 Dei
1589 945 1654 979 th).

982 993 1109 1019 Sacerdos
1139 997 1248 1018 secreto.
1275 991 1416 1022 Memento,
1444 991 1564 1022 Domine,
1594 990 1732 1017 tenuitatis

947 1047 1012 1066 mete
1031 1043 1057 1064 ct
1083 1038 1189 1065 remitte
1205 1038 1269 1063 mihi
1288 1042 1398 1071 peccata
1413 1043 1482 1067 mea,
1505 1040 1533 1062 ut
1553 1036 1595 1061 ubi
1613 1036 1732 1061 abunda-

948 1086 984 1112 vit
1004 1085 1140 1119 iniquitas,
1171 1084 1205 1110 ibi
1225 1082 1425 1117 superabundet
1449 1081 1534 1114 gratia
1558 1084 1625 1107 tua:
1646 1087 1731 1113 neque

947 1136 1056 1166 propter
1082 1135 1190 1164 peccata
1216 1137 1272 1155 mea
1297 1129 1413 1162 propria,
1433 1133 1458 1154 ct
1484 1131 1593 1162 propter
1613 1126 1732 1153 maculas

948 1177 1037 1203 cordis
1054 1176 1105 1202 mei
1124 1175 1246 1209 deprives
1263 1174 1386 1208 populum
1415 1177 1488 1199 tuum
1511 1172 1596 1206 gratia
1611 1171 1735 1206 ¹Spiritus

949 1221 1032 1247 sancti
1051 1221 1098 1246 tui.

986 1266 1112 1299 Populus.
1129 1265 1257 1291 Miserere
1278 1264 1372 1294 nostri,
1394 1264 1464 1290 Deus
1491 1263 1613 1289 Salvator
1633 1267 1733 1288 noster.

986 1312 1113 1339 Sacerdos
1128 1312 1183 1337 ιιΙιιι
1198 1319 1265 1336 voce.
1281 1310 1347 1342 Quia
1370 1310 1482 1343 populus
1497 1314 1557 1336 tuus
1571 1314 1597 1336 et
1615 1308 1734 1335 Ecclesia

952 1363 994 1383 tua
1009 1362 1034 1384 te
1048 1357 1191 1384 obsecrant
1215 1361 1241 1382 ct
1264 1356 1368 1382 Patrem
1394 1360 1468 1381 tunm
1482 1360 1579 1385 tecum,
1593 1355 1712 1380 dicentes
1727 1362 1733 1379 :

952 1403 1077 1430 Miserere
1093 1403 1187 1435 nostri,
1207 1402 1276 1429 [teus
1295 1402 1417 1427 Salvator
1434 1406 1534 1427 noster.
1553 1400 1674 1426 Concede
1688 1407 1735 1433 po-

952 1449 1013 1482 pulo
1038 1454 1081 1475 tuo
1109 1455 1156 1474 cor
1185 1456 1266 1473 urium
1285 1457 1290 1473 :
1307 1448 1337 1473 da
1366 1447 1583 1481 tranquillitatem
1615 1445 1712 1471 mundo
1727 1453 1734 1471 z

954 1493 1108 1526 temperiem
1126 1493 1221 1518 bonam
1245 1492 1300 1518 aeri
1320 1492 1461 1525 :dignarey
1484 1491 1604 1522 Domine,
1625 1490 1736 1515 henedi-

955 1546 1016 1564 cere
1036 1538 1086 1564 hoc
1102 1546 1172 1564 anno
1186 1543 1280 1564 ventos
1296 1537 1355 1563 coett
1371 1541 1395 1562 et
1410 1536 1499 1569 fruges
1514 1541 1600 1562 terr-e.
1617 1535 1732 1569 Dignare

158 1582 294 1609 Sacerdos.
326 1582 468 1614 Memento,
498 1583 618 1615 Domine,
645 1583 760 1609 fidelium
788 1583 900 1608 fratrum
916 1580 936 1610 C
955 1584 1076 1615 Domine,
1098 1583 1256 1610 benedicere
1273 1591 1355 1616 aquas
1373 1582 1502 1611 llnniinis,
1521 1581 1667 1607 ascendere
1691 1588 1736 1605 eas

159 1669 196 1703 (8)
220 1668 285 1696 lline
306 1670 514 1699 demonstratur,
533 1670 716 1703 poenitentiam
741 1671 766 1696 in
790 1671 897 1704 Coptica

124 1704 241 1730 Ecclesia
257 1704 342 1730 locum
357 1705 417 1730 olim
435 1705 560 1730 habuisse
572 1724 578 1735 ,
595 1706 692 1731 dudum
712 1710 772 1730 ante
785 1707 900 1731 obscena

126 1740 167 1765 illa
185 1745 303 1772 tempora
326 1738 446 1768 tloannis,
471 1745 497 1765 et
520 1740 600 1765 Marci
617 1740 662 1766 filii
684 1740 767 1766 'Larua
788 1741 902 1772 patriar-

125 1774 245 1803 charum,
260 1774 303 1806 qui
319 1774 513 1799 confessionem
529 1780 711 1807 peecatorum,
724 1780 751 1800 et
762 1774 903 1802 Cononem.

126 1809 181 1834 sive
198 1807 359 1834 laboriosam
376 1809 560 1841 poenitentiam
576 1828 582 1838 ,
603 1809 694 1834 tollere
717 1809 804 1835 conati
824 1814 902 1839 sunt,

127 1843 158 1868 da
174 1849 223 1876 qua
242 1842 412 1868 innovatione
430 1843 529 1869 dictum
545 1847 585 1869 est
607 1844 631 1869 iu
649 1843 766 1869 Historia
792 1843 904 1868 Alexan-

127 1877 202 1902 ctrina
219 1876 254 1910 (Β)
271 1881 296 1902 et
314 1876 387 1903 alibi.
402 1877 466 1903 Esse
483 1878 508 1903 in
525 1878 692 1911 poenitentia,
711 1883 795 1903 status
810 1884 861 1908 est,
878 1882 907 1903 ut

127 1919 218 1937 eorum
236 1911 280 1945 qui
294 1911 319 1936 in
335 1912 428 1937 eadem
444 1914 564 1938 oratioue
578 1918 835 1943 commemorantur,
863 1920 908 1937 va·

128 1947 158 1972 rii
185 1951 256 1971 sunt.
288 1945 344 1971 Non
372 1954 434 1971 vero
457 1947 479 1973 is
506 1947 579 1973 locus
603 1947 791 1981 intelligendus
811 1952 851 1972 est
877 1948 908 1971 de

129 1981 232 2013 publica
256 1980 319 2011 illa,
346 1981 432 2013 qualis
459 1982 484 2007 iu
510 1989 557 2007 usu
582 1987 640 2006 erat
664 1983 757 2015 primis
782 1981 908 2007 Ecclesiae

130 2014 245 2044 saevulis,
264 2014 419 2048 poenitentia
431 2035 437 2047 ,
452 2016 528 2049 cujus
548 2015 646 2041 dudum
658 2035 664 2046 ‚
682 2020 858 2048 praeterquam
876 2016 906 2040 ad

131 2049 250 2082 publicos
265 2054 419 2082 peccatores
442 2050 622 2076 emendandos
635 2070 641 2080 ,
657 2051 795 2082 disciplina
809 2051 906 2075 omissa

130 2088 182 2109 est.
202 2083 253 2109 Sed
272 2085 313 2109 hic
339 2084 500 2117 intelligendi
526 2090 587 2110 sunt
611 2085 667 2115 illi,
688 2086 732 2117 qni
754 2084 822 2109 facta
840 2084 907 2116 apud

131 2118 298 2144 sacerdotem
318 2118 486 2145 consessione
499 2139 506 2150 ,
529 2118 676 2151 Cononem,
696 2120 744 2145 hoc
760 2124 800 2145 est
817 2126 909 2151 poenas

132 2154 275 2178 canonicas
293 2153 484 2184 suscipiebant,
503 2159 529 2180 et
545 2154 660 2186 aliquam
681 2154 785 2179 illarum
806 2158 907 2185 partein

131 2186 350 2219 compleverant,
366 2192 508 2220 antequam
531 2189 745 2214 communionem
761 2195 910 2214 sacramen-

133 2226 219 2246 torum
244 2223 414 2252 obtinerent,
437 2231 450 2248 a
477 2231 528 2256 qna
553 2224 709 2248 arcebantur
735 2231 781 2255 per
804 2222 908 2254 aliquod
926 2216 947 2242 D

134 2257 258 2288 temporis
284 2256 463 2282 intervallum.
489 2258 550 2284 llaec
573 2258 709 2290 disciplina
741 2257 825 2283 fusius
848 2257 909 2282 alibi

133 2296 294 2322 exponetur,
311 2298 341 2316 cx
360 2291 439 2317 variis
453 2291 606 2318 auctoribus
632 2298 685 2317 tum
710 2299 740 2317 ex
763 2291 910 2317 canonibus

134 2325 372 2357 poenttenttatitms‚
388 2327 433 2358 qni
453 2331 559 2352 exstant
572 2327 596 2351 in
610 2327 746 2351 codicibus
763 2326 909 2351 manuscri-

135 2360 196 2392 ptis.
229 2360 416 2385 l'mnitcntinm
443 2368 548 2394 quoqne
579 2362 676 2386 mentio
701 2362 729 2386 fit
754 2361 842 2391 infra,
866 2360 910 2392 qui

137 2393 245 2427 intelligi
273 2394 341 2421 forte
364 2395 478 2427 debent,
497 2403 543 2429 per
560 2403 605 2422 eos
631 2395 676 2421 cni
703 2396 729 2420 in
752 2395 911 2428 consessione

136 2433 206 2453 sum.

172 2462 209 2494 (9)
232 2462 343 2488 Servata
362 2463 417 2489 haec
432 2464 542 2489 formula
556 2469 596 2489 cst
608 2472 640 2490 ex
657 2465 738 2491 veteri
760 2464 910 2495 disciplina,

137 2502 197 2534 ante
209 2502 364 2526 occupatam
379 2506 390 2523 a
405 2498 604 2525 Muhamcdanis
617 2499 772 2533 AEgyptum‚
784 2500 807 2524 in
820 2499 912 2524 Gra—co

137 2537 190 2555 των
204 2530 320 2561 εὐσεῧῶς
346 2531 574 2564 βασιλευσάντων,
591 2542 649 2567 qua!
675 2535 752 2559 verba
778 2533 912 2559 versiones

138 2566 257 2590 Arabita·
271 2567 390 2603 quaedam
405 2573 600 2600 expresserunt.
622 2568 721 2601 Nempe
738 2576 797 2594 cum
817 2574 912 2600 regna-

140 2604 198 2624 rent
215 2599 360 2625 Christiani
381 2602 552 2635 imperatores
564 2622 571 2633 ,
595 2603 650 2628 hacc
669 2603 781 2628 formula
799 2610 912 2633 usurpa-

139 2634 227 2664 batur,
249 2641 307 2666 (μιῇ).
329 2640 419 2667 postea
442 2637 466 2661 in
489 2637 562 2662 libris
579 2643 682 2663 servata
702 2642 760 2667 cst,
782 2636 913 2668 adjunctis

139 2672 226 2693 tamen
244 2669 331 2707 verbis
351 2669 462 2701 ultimis,
476 2672 535 2703 quia
551 2680 596 2704 pro
610 2672 789 2704 principibus,
808 2671 914 2703 quales-

138 2710 242 2740 cunque
270 2708 338 2734 sint,
366 2709 444 2730 orant
475 2706 642 2737 orientales,
680 2708 701 2732 si
740 2706 913 2731 Nestoiianos

138 2744 295 2768 excipimus,
316 2738 340 2762 in
360 2746 471 2770 (μιοι-ιιιιι
498 2740 615 2774 Litnrgia
632 2742 759 2767 memoria
779 2742 807 2765 tit
827 2748 913 2773 reqiiun

138 2770 263 2802 fidelium,
283 2779 334 2797 non
352 2773 474 2798 aliorum.
493 2774 529 2800 Ex
548 2776 591 2802 illo
605 2776 661 2802 loco
681 2781 750 2802 recte
765 2775 913 2801 Salmasius

172 2852 200 2883 (¹)
214 2852 274 2878 Hist.
292 2856 359 2878 Pana
375 2855 442 2880 Alea:
458 2863 480 2886 p.
495 2857 546 2880 505.

954 1670 1080 1704 Litnrgiae
1097 1670 1283 1703 antiquitatem
1294 1669 1474 1700 commendat,
1489 1673 1615 1702 tanquam
1628 1668 1734 1701 scriptae

954 1707 1002 1731 snb
1026 1706 1187 1731 Christianis
1212 1704 1357 1738 AEgyptuni
1381 1704 1584 1735 obtinentibus,
1604 1704 1664 1736 qnia
1690 1711 1738 1736 pro

957 1741 1008 1766 illis
1024 1745 1128 1771 oratur,
1149 1745 1176 1766 et
1197 1740 1248 1765 illis
1267 1740 1311 1773 qni
1336 1744 1398 1765 sunt
1416 1740 1440 1764 in
1466 1739 1573 1773 palatio.
1596 1738 1647 1764 Sed
1666 1739 1738 1770 pala-

958 1775 1023 1800 tium
1051 1783 1102 1800 non
1128 1776 1211 1808 magis
1236 1774 1402 1800 Christianos
1424 1781 1502 1806 quani
1532 1774 1738 1799 lllubamcdanos

962 1810 1097 1842 principes
1113 1810 1250 1841 designat,
1270 1816 1361 1841 neque
1376 1808 1408 1833 ad
1435 1808 1560 1834 lamiliam
1582 1808 1681 1841 regiam
1695 1815 1738 1832 rc-

961 1843 1023 1869 l‘erri
1042 1845 1140 1873 debet,
1168 1844 1214 1869 scd
1238 1843 1270 1868 ad
1296 1843 1391 1869 fratres
1419 1843 1601 1872 orthodoxos,
1626 1844 1674 1867 hoe
1698 1847 1738 1867 est

960 1878 1093 1904 jacobitas
1106 1877 1285 1906 Christianos,
1303 1878 1347 1909 qui
1372 1882 1431 1903 tuno
1447 1882 1523 1903 erant
1541 1877 1565 1902 in
1583 1877 1670 1902 aulico
1687 1878 1738 1901 mi-

962 1913 1084 1938 nisterio.
1102 1911 1196 1937 Multos
1211 1913 1280 1937 enini
1302 1912 1385 1937 fuisse
1402 1913 1444 1944 qni
1464 1912 1622 1944 scripturam
1638 1911 1662 1936 in
1679 1911 1737 1935 ant.-

960 1947 1068 1978 snltani,
1095 1951 1140 1972 aut
1164 1947 1188 1972 in
1205 1947 1302 1972 divano
1322 1951 1487 1976 exercerent,
1512 1950 1584 1978 patet
1606 1953 1638 1971 ex
1656 1945 1738 1970 varii,-

963 1982 1081 2007 liistoriae
1097 1981 1284 2006 Alexandrime
1297 1981 1378 2010 locis,
1394 1980 1463 2013 quod
1478 1981 1577 2013 pariter
1593 1980 1739 2012 swptssime

939 2039 942 2042 ,
961 2016 1074 2049 contigit
1097 2016 1121 2041 in
1138 2016 1197 2041 aula
1222 2015 1403 2047 Bagdadensi,
1426 2014 1469 2040 ubi
1491 2015 1565 2039 multi
1592 2014 1737 2040 Christiani

963 2058 1057 2083 magna
1072 2050 1139 2083 apud
1157 2050 1286 2083 quosdam
1300 2050 1392 2075 ealifas
1406 2049 1565 2074 anctoritate
1580 2048 1737 2078 ssot-uerunt,

963 2084 1112 2110 Nestori-ani
1137 2085 1279 2118 praecipue.
1306 2085 1372 2110 llinc
1388 2092 1456 2116 saepe
1475 2088 1587 2116 utraque
1602 2084 1738 2114 Ecclesia,

962 2118 1108 2145 Jaeobitica
1124 2124 1150 2144 et
1171 2119 1346 2149 Nestoi-tana,
1370 2118 1492 2144 maximis
1509 2119 1594 2143 turbis
1616 2126 1662 2151 per
1679 2117 1738 2142 illo-

964 2161 1021 2179 tum
1039 2154 1174 2179 hominum
1190 2154 1362 2179 ambitionem
1380 2153 1478 2186 agitata
1494 2158 1534 2178 est
1550 2162 1556 2179 z
1574 2158 1598 2178 et
1614 2153 1640 2178 in
1657 2151 1740 2185 AEgy-

964 2193 1006 2220 pto
1021 2189 1070 2213 sul)
1094 2188 1194 2214 ultimis
1214 2187 1326 2213 sultanis
1338 2207 1344 2217 ,
1359 2187 1455 2213 Tui-cis
1469 2191 1495 2212 et
1509 2188 1654 2218 Cireassis,
1671 2195 1739 2220 quos

963 2222 1123 2249 Mannttneos
1147 2227 1261 2252 vocant,
1281 2223 1430 2247 ‹tin-issinnn
1445 2223 1645 2254 persecutiones
1668 2221 1740 2246 cxci-

965 2261 1024 2283 ιιιιιιἱ
1039 2262 1108 2283 sunt.
1130 2258 1212 2289 Quam
1230 2257 1368 2283 lectionem
1388 2262 1494 2282 secatus
1515 2256 1594 2281 fuerit
1609 2255 1739 2281 Maronita

963 2291 1095 2324 interpres
1109 2299 1168 2317 cnm
1185 2292 1261 2316 vertit
1279 2300 1285 2317 ε
1303 2290 1443 2321 Memento,
1461 2290 1579 2321 Domine,
1596 2298 1681 2323 respon
1696 2291 1740 2322 qui

962 2331 1020 2351 sunt
1037 2326 1109 2351 etet-ei
1123 2327 1149 2351 in
1167 2327 1320 2359 perfectione
1338 2326 1451 2358 pietalis,
1466 2330 1489 2350 cl
1503 2333 1592 2350 corant
1612 2325 1655 2357 qni
1679 2329 1739 2349 sunl

962 2360 1087 2393 elinandi,
1103 2368 1153 2386 non
1167 2362 1232 2386 satis
1246 2360 1413 2393 intelligitur,
1438 2368 1498 2385 cum
1522 2360 1680 2385 sententiam
1702 2359 1740 2383 si·-

964 2395 1053 2421 milem
1088 2402 1172 2428 neque
1200 2396 1327 2428 Copticus
1361 2402 1447 2428 neque
1482 2395 1613 2420 Arabicus
1653 2397 1741 2419 textus

963 2429 1085 2455 offerant.

1001 2464 1055 2497 (lo)
1079 2463 1139 2490 llaec
1159 2463 1263 2490 diaconi
1284 2463 1399 2489 hortatio
1419 2463 1445 2489 in
1470 2463 1562 2489 codice
1579 2462 1672 2488 Grzeco
1689 2470 1741 2487 uon

963 2499 1081 2524 occurrit
1096 2507 1102 2523 t
1121 2499 1161 2531 pia
1178 2506 1241 2524 sane
1265 2503 1291 2524 et
1305 2498 1449 2531 singularis
1461 2517 1468 2529 ,
1484 2505 1564 2531 qnam
1579 2504 1611 2522 ex
1631 2497 1741 2528 Coptwa

964 2534 1051 2565 lingna
1065 2534 1096 2558 ad
1117 2534 1226 2559 verbum
1245 2533 1409 2565 interpretati
1430 2539 1536 2562 sumus,
1556 2532 1743 2557 consentiente

964 2568 1074 2593 Arabica
1092 2569 1222 2594 versione.
1238 2567 1264 2592 ln
1281 2574 1333 2593 uno
1349 2574 1382 2593 ex
1397 2567 1533 2592 codicibus
1552 2566 1651 2599 ttegns,
1670 2566 1742 2590 illins

965 2603 1030 2628 adeo
1054 2602 1149 2633 legitur
1174 2602 1285 2627 formula
1306 2601 1348 2626 illa
1376 2602 1500 2634 frequens
1522 2601 1634 2625 Adur-ine
1660 2600 1742 2625 Deam

964 2645 1022 2661 cunt
1048 2638 1137 2662 timore
1161 2645 1168 2663 .·
1195 2637 1263 2670 quod
1288 2636 1381 2662 Gra-ce
1409 2644 1460 2661 non
1486 2636 1679 2667 pronuntietur,
1714 2638 1742 2657 nt

965 2678 1055 2696 munes
1068 2672 1179 2703 similes,
1197 2680 1254 2696 cam
1272 2679 1322 2696 non
1341 2671 1405 2696 adeo
1421 2669 1556 2702 antiquam
1577 2676 1636 2695 csse
1657 2668 1742 2701 signi-

967 2706 1045 2730 ficare
1059 2707 1171 2731 videtur.
1188 2706 1285 2731 Eratin
1302 2705 1430 2737 §catiger-i
1445 2705 1547 2735 codice,
1563 2704 1608 2729 sed
1625 2705 1743 2737 pessime

966 2740 1097 2799 iDnterprcs
1116 2741 1228 2767 reddidit
1249 2750 1254 2766 x
1279 2739 1358 2765 Orate
1377 2748 1422 2773 pro
1438 2746 1465 2765 eo
1483 2739 1524 2771 qai
1540 2744 1622 2772 portat
1641 2737 1744 2764 verbam

991 2783 1022 2800 ιἸ.
