1859 2998
67 120 114 148 7151
1629 116 1680 142 712

110 894 219 930 Vobis,
236 893 299 924 Viri
313 891 528 923 humanissimi
540 914 547 927 ,
565 893 643 927 hoc,
660 895 879 929 quatecunque
895 899 941 918 est
954 911 961 924 ‚
979 888 1210 918 iniec-dotorum
1229 894 1416 925 opuscmum
1432 884 1576 923 debetur,

112 978 203 1014 Nam,
222 979 255 1007 ut
271 979 447 1016 temporum
461 975 614 1006 rationem
629 982 754 1012 sequar,
778 972 885 1010 viginti
900 975 930 1002 ct
947 973 1031 1012 quod
1050 971 1185 1002 excurrit
1199 970 1274 1001 anni
1293 971 1383 1006 sunt,
1403 977 1441 999 ex
1460 976 1523 1008 quo
1538 968 1599 1001 Tu,
1615 963 1693 995 ami-

69 1039 193 1069 cissime
213 1037 421 1076 Krabingcre,
443 1036 537 1072 mihi,
558 1038 633 1065 tunc
651 1033 807 1064 Monachii
828 1034 1033 1064 commoranti
1057 1034 1208 1072 librisque
1224 1032 1339 1063 Graeeis
1362 1040 1457 1062 manu
1479 1029 1617 1068 seriptis,
1634 1026 1695 1057 illic

70 1100 100 1129 in
127 1098 316 1129 bibliotheca
331 1098 416 1136 regia
440 1095 617 1132 asservatis,
638 1094 794 1130 heluanti‚
812 1103 883 1124 cum
899 1095 957 1126 alia
982 1094 1115 1134 plurima
1137 1093 1297 1124 Anecdota
1315 1093 1438 1128 Groeca,
1463 1098 1598 1130 quorum
1616 1089 1696 1118 bona

72 1171 143 1201 pars
157 1162 258 1192 adhuc
274 1160 396 1192 edenda
410 1162 515 1196 restat,
531 1162 596 1189 tum
610 1157 733 1188 Scholia
746 1157 778 1187 in
795 1158 825 1187 S.
840 1157 1024 1196 Gregorium
1040 1157 1280 1192 Nazianzenum‚
1294 1155 1408 1195 quibus
1424 1154 1456 1184 in
1472 1154 1533 1183 hoe
1546 1150 1698 1191 opusculo

74 1232 147 1253 usus
166 1232 246 1258 sum,
265 1222 303 1252 ad
319 1221 561 1253 describendum
574 1220 622 1251 vel
639 1220 872 1259 excerpendmn
891 1221 1075 1260 propinasti.
1095 1221 1137 1250 Ac
1154 1219 1274 1250 etiamsi
1290 1218 1343 1248 diu
1359 1220 1416 1254 est,
1435 1216 1521 1256 quod
1539 1223 1597 1253 ego
1613 1213 1699 1243 suavi

73 1288 188 1317 Tecum
201 1285 402 1325 epistolarum
418 1283 607 1316 commercio
623 1291 706 1321 aegre
722 1291 813 1313 careo
829 1283 974 1322 (sortasse
993 1291 1061 1312 mea
1073 1281 1208 1321 quadam
1229 1281 1333 1320 eulpa,
1351 1278 1485 1317 negotiis
1503 1277 1616 1307 misere
1632 1275 1699 1305 1115-

73 1346 185 1385 tenti),
205 1355 329 1385 semper
350 1350 469 1382 tamen,
495 1345 568 1376 dum
588 1345 702 1381 vivam,
723 1347 809 1383 grato
826 1353 899 1382 erga
919 1345 962 1374 Te
983 1345 1087 1374 animo
1112 1343 1249 1374 recolam
1263 1340 1519 1374 commorationis
1535 1338 1618 1368 illius
1633 1337 1701 1366 Mo-

77 1407 218 1437 nacensis
229 1407 366 1439 delicias.
382 1416 512 1446 quarum
530 1408 576 1436 Tu
592 1414 655 1436 non
674 1405 801 1436 minima
818 1414 888 1444 pars
904 1404 1000 1435 suisti.

115 1492 159 1520 Tu
176 1492 278 1520 autem
293 1514 299 1525 ,
315 1489 472 1520 carissime
489 1489 599 1525 Rothi,
615 1488 758 1519 amicitia·
774 1488 898 1517 vinculo
923 1496 990 1523 mc,
1005 1487 1073 1517 Tibi
1088 1490 1178 1517 antea
1192 1486 1334 1525 ignotum
1345 1509 1353 1522 ‚
1370 1483 1558 1515 adstrinxisti
1580 1481 1705 1520 egregio

74 1551 128 1581 illo
145 1552 309 1586 benetie-io,
324 1551 408 1590 quod
422 1552 484 1580 Tua
500 1549 726 1580 intercessione
742 1549 883 1585 effecisti,
900 1552 933 1578 ut
946 1548 1190 1588 pretiosissimus
1204 1548 1256 1578 ille
1271 1547 1372 1578 codex
1386 1547 1416 1575 S.
1429 1544 1569 1582 Gregorii
1582 1542 1708 1572 Nazian-

76 1615 143 1644 7eni
169 1623 263 1644 manu
282 1614 430 1652 scriptus,
454 1621 516 1652 quo
533 1612 607 1642 Etim
628 1611 844 1642 commentarii
868 1611 1083 1646 continentur,
1115 1619 1198 1640 anno
1227 1609 1426 1640 MDCCCXLII
1455 1616 1493 1637 ex
1518 1604 1708 1636 bibliotheca

77 1675 198 1714 publica
223 1677 407 1713 Basiteensi,
440 1677 607 1707 liberaliter
627 1677 838 1707 annuentibus
860 1676 927 1706 eius
950 1676 1160 1712 curatoribus,
1179 1684 1236 1715 per
1258 1674 1462 1705 clarissimum
1488 1670 1686 1701 Gerlachium
1700 1693 1707 1705 ,

78 1739 160 1769 illius
182 1739 380 1770 bibliotheca}
400 1739 597 1778 praefectum,
621 1740 660 1769 ad
681 1748 731 1769 me
752 1740 884 1769 Beruam
901 1738 1171 1773 transmitteretur,
1194 1739 1290 1775 utque
1308 1744 1378 1766 eum
1398 1739 1499 1765 terere
1516 1736 1546 1763 et
1565 1732 1597 1761 in
1620 1740 1710 1761 usum

80 1802 253 1831 studiorum
265 1802 496 1832 Platonicorum
507 1804 536 1831 et
547 1801 812 1839 Patrologicorum
825 1810 881 1840 pro
897 1801 997 1831 lubitu
1008 1808 1177 1839 excerpere
1191 1806 1328 1838 possem.
1341 1796 1483 1827 Eundem
1492 1796 1537 1825 Tu
1552 1793 1710 1827 codicem,

83 1871 137 1901 pro
158 1863 280 1901 egregia
295 1864 359 1892 Tua
380 1871 451 1900 erga
474 1871 524 1892 me
545 1862 778 1898 benevolentia,
796 1863 845 1892 cui
865 1863 947 1893 idem
962 1862 1014 1892 ille
1030 1861 1211 1891 Gerlachius
1229 1860 1343 1890 iterum
1361 1856 1547 1897 opitulatum
1562 1854 1630 1889 ivit,
1651 1861 1712 1882 nu-

82 1923 233 1962 perrime,
252 1932 349 1962 quum
371 1924 522 1962 Excerpta
542 1923 648 1953 Eliana
670 1923 797 1953 Lutetiae
813 1922 1000 1952 Parisiorum
1017 1921 1156 1951 editurus
1173 1928 1289 1955 essem,
1307 1926 1414 1949 rursus
1432 1917 1470 1946 ad
1486 1924 1535 1946 me
1554 1914 1713 1944 transmit-

83 1982 208 2012 tendum
223 1982 346 2018 curasti,
364 1986 396 2012 ut
412 1991 482 2021 quae
496 1982 570 2013 inde
581 1983 805 2021 excerpsissem
826 1991 958 2019 augere,
976 1985 1005 2011 ct
1031 1981 1170 2020 plagulas
1186 1979 1387 2018 corrigendas
1410 1978 1447 2008 ad
1463 1981 1616 2017 ἀρχέτυπον
1635 1974 1702 2004 cxi-

83 2052 154 2080 gere
172 2051 308 2081 possem.

123 2131 208 2165 Quod
225 2134 327 2160 autem
338 2130 409 2159 Etim
420 2129 545 2159 tandem
561 2129 674 2159 edendi
689 2129 854 2159 eonsilium
869 2128 954 2167 cepi,
977 2127 1127 2166 quodque
1142 2126 1247 2165 operis
1262 2125 1472 2155 redemtorem
1497 2122 1625 2152 Lutetise
1645 2131 1713 2152 sum

84 2197 204 2228 nactus,
222 2192 251 2221 id
270 2192 348 2227 Tibi,
361 2191 583 2221 humanissime
598 2191 810 2228 Darembergi,
828 2190 881 2219 uni
899 2189 956 2219 soli
971 2189 1083 2219 debeo.
1098 2190 1176 2218 Nam
1189 2197 1284 2227 quum
1302 2196 1360 2225 ego
1375 2190 1444 2216 ante
1462 2186 1519 2215 hos
1532 2185 1716 2224 quindecim

85 2264 199 2291 annos,
230 2253 361 2284 dilatatis
390 2252 547 2291 paullatim
569 2251 759 2289 antiquitatis
789 2250 916 2286 studiis,
942 2259 1012 2280 cum
1043 2249 1215 2288 philologia
1243 2248 1499 2285 ars-hwelogiam,
1535 2247 1627 2276 etiam
1657 2256 1715 2286 pa-

87 2317 190 2352 triam,
216 2315 405 2353 conjungere
423 2316 467 2347 et,
485 2322 554 2351 (111111
573 2313 671 2351 patrio
688 2315 759 2341 sunt
775 2312 842 2341 solo
868 2312 1052 2347 recondita*7
1077 2310 1268 2349 antiquitatis
1288 2310 1411 2340 Gallica».
1430 2313 1459 2339 et
1475 2310 1624 2339 Itomanae
1643 2309 1715 2339 reli-

88 2378 174 2415 quias
193 2376 378 2415 perscrutari
393 2375 572 2414 coepissem,
593 2373 705 2404 deinde
723 2373 859 2403 historia}
877 2373 983 2411 patria!
1000 2381 1126 2411 operam
1144 2381 1201 2411 per
1220 2371 1419 2410 septennium
1437 2378 1611 2403 navassem,
1636 2369 1716 2399 iam-

89 2446 148 2475 que
159 2461 164 2472 ‚
176 2441 322 2475 tanquam
335 2436 547 2475 peregrlnator
558 2436 595 2465 ad
612 2436 717 2465 sedem
734 2434 948 2469 dmuestieam,
961 2433 998 2463 ad
1016 2433 1144 2472 pristina
1159 2433 1260 2463 studia
1274 2432 1446 2466 rediissem,
1466 2434 1496 2460 ct
1508 2439 1579 2469 1111111
1595 2429 1717 2468 pridem

89 2498 118 2526 111
144 2506 256 2535 genere
279 2498 439 2536 philologo
462 2506 479 2527 a
495 2506 544 2527 me
568 2496 720 2526 elabenti-i
747 2499 847 2534 ncepta
872 2498 974 2529 erant,
993 2498 1146 2525 maturare
1167 2494 1373 2527 instituerem,
1396 2510 1431 2513 —
1454 2493 1507 2526 Te,
1527 2491 1567 2520 mi
1585 2491 1711 2519 Darem-

89 2559 193 2596 bergi,
221 2568 287 2588 sors
312 2560 444 2598 propitia
475 2559 586 2589 horum
613 2559 785 2588 studiorum
814 2557 966 2587 fautorem
992 2557 1081 2587 simul
1112 2560 1141 2587 et
1164 2556 1393 2586 moderatorem
1419 2553 1495 2583 mihi
1522 2553 1645 2582 obtulit.
1673 2553 1718 2580 'l‘u

92 2628 158 2655 me,
177 2623 291 2656 ἀρχείων
307 2619 432 2657 pulvere
448 2620 612 2655 obrutum,
631 2622 660 2648 et
682 2618 731 2647 hic
752 2619 859 2647 Berua»
883 2618 1010 2656 quovis,
1039 2618 1169 2653 Hercle,
1199 2617 1237 2647 ad
1263 2615 1463 2645 humanitatis
1486 2614 1583 2643 studia
1609 2614 1719 2643 incita-

89 2683 194 2708 mento
213 2681 381 2713 carentem,
398 2687 434 2708 ea
453 2687 484 2708 re
501 2679 638 2715 erexisti,
654 2678 737 2716 1111011
754 2687 840 2707 meos
857 2680 984 2706 conatus
995 2678 1062 2707 Tibi
1080 2678 1200 2716 Tuique
1223 2676 1378 2706 similibus
1401 2674 1524 2713 probari
1544 2673 1718 2703 ‹tet-taram.

88 2742 133 2770 Tu
165 2749 213 2770 mc
229 2765 234 2776 ‚
265 2741 341 2770 alios
372 2740 493 2770 labores
520 2741 696 2780 philologos
732 2740 947 2776 meditantem,
976 2741 1013 2770 ad
1042 2742 1153 2777 Etiam,
1183 2741 1307 2771 scriniis
1339 2740 1434 2769 instar
1473 2740 1613 2774 κειμηλίων
1645 2746 1711 2766 511-

90 2807 208 2837 vatum,
228 2803 382 2833 edendum
406 2804 543 2833 excitasti
558 2804 600 2833 sic
617 2813 664 2833 me
680 2802 905 2841 interpellando
927 2812 932 2831 z
955 2815 966 2829 «
987 2803 1064 2838 Quin
1082 2805 1129 2833 Tu
1148 2803 1320 2842 pretiosum
1340 2800 1420 2830 istud
1440 2798 1622 2828 Anecdoton
1645 2802 1717 2827 autc

91 2864 193 2893 omnia
208 2864 238 2893 in
255 2864 355 2894 lucem
369 2864 484 2903 profer,
502 2873 540 2894 ne
551 2864 582 2894 id
593 2868 631 2894 ab
645 2864 704 2894 atio
724 2863 872 2901 1111011111111
888 2866 1068 2902 occupetur,
1081 2872 1157 2894 neve
1173 2871 1268 2901 quem
1280 2863 1326 2891 Tu
1344 2862 1373 2890 in
1391 2870 1428 2890 eo
1445 2858 1653 2890 describendo
1671 2858 1713 2888 la-
