<?xml version="1.0" encoding="UTF-8"?>
<!DOCTYPE html PUBLIC "-//W3C//DTD XHTML 1.0 Transitional//EN"
    "http://www.w3.org/TR/xhtml1/DTD/xhtml1-transitional.dtd">
<html xmlns="http://www.w3.org/1999/xhtml" xml:lang="en" lang="en">
 <head>
  <title>
</title>
<meta http-equiv="Content-Type" content="text/html;charset=utf-8" />
  <meta name='ocr-system' content='tesseract 3.04.00' />
  <meta name='ocr-capabilities' content='ocr_page ocr_carea ocr_par ocr_line ocrx_word'/>
</head>
<body>
  <div class='ocr_page' id='page_1' title='image "./patrologiaecursu36mignuoft_0138.png"; bbox 0 0 1859 2998; ppageno 0'>
   <div class='ocr_carea' id='block_1_1' title="bbox 118 98 1734 127">
    <p class='ocr_par' dir='ltr' id='par_1_1' title="bbox 118 98 1734 127">
     <span class='ocr_line' id='line_1_1' title="bbox 118 98 1734 127; baseline 0.002 -3"><span class='ocrx_word' id='word_1_1' title='bbox 118 98 169 124; x_wconf 67' lang='lat'>2⁶3</span> <span class='ocrx_word' id='word_1_2' title='bbox 746 99 774 126; x_wconf 88' lang='lat' dir='ltr'>S.</span> <span class='ocrx_word' id='word_1_3' title='bbox 797 98 959 127; x_wconf 73' lang='lat' dir='ltr'>GREGomt</span> <span class='ocrx_word' id='word_1_4' title='bbox 980 99 1152 126; x_wconf 78' lang='lat' dir='ltr'>TttEOLOGt</span> <span class='ocrx_word' id='word_1_5' title='bbox 1681 99 1734 127; x_wconf 60' lang='lat'>265</span> 
     </span>
    </p>
   </div>
   <div class='ocr_carea' id='block_1_2' title="bbox 623 171 1272 179">
    <p class='ocr_par' dir='ltr' id='par_1_2' title="bbox 623 171 1272 179">
     <span class='ocr_line' id='line_1_2' title="bbox 623 171 1272 179; baseline 0 0"><span class='ocrx_word' id='word_1_6' title='bbox 623 171 1272 179; x_wconf 95' lang='lat' dir='ltr'> </span> 
     </span>
    </p>
   </div>
   <div class='ocr_carea' id='block_1_3' title="bbox 126 174 1729 190">
    <p class='ocr_par' dir='ltr' id='par_1_3' title="bbox 126 174 1729 190">
     <span class='ocr_line' id='line_1_3' title="bbox 126 174 1729 190; baseline 0 2808"><span class='ocrx_word' id='word_1_7' title='bbox 126 174 1729 190; x_wconf 95' lang='lat' dir='ltr'> </span> 
     </span>
    </p>
   </div>
   <div class='ocr_carea' id='block_1_4' title="bbox 360 250 1499 303">
    <p class='ocr_par' dir='ltr' id='par_1_4' title="bbox 360 250 1499 303">
     <span class='ocr_line' id='line_1_4' title="bbox 360 250 1499 303; baseline -0.001 -2"><span class='ocrx_word' id='word_1_8' title='bbox 360 250 439 285; x_wconf 69' lang='lat'>333</span> <span class='ocrx_word' id='word_1_9' title='bbox 463 258 749 302; x_wconf 75' lang='lat' dir='ltr'>MONtTUM</span> <span class='ocrx_word' id='word_1_10' title='bbox 791 257 850 300; x_wconf 87' lang='grc' dir='ltr'>ΙΝ</span> <span class='ocrx_word' id='word_1_11' title='bbox 889 257 1243 302; x_wconf 72' lang='grc' dir='ltr'>ΟΒΑΤΙΟΝΕΜ</span> <span class='ocrx_word' id='word_1_12' title='bbox 1281 258 1499 303; x_wconf 78' lang='lat' dir='ltr'>xxxvi.</span> 
     </span>
    </p>
   </div>
   <div class='ocr_carea' id='block_1_5' title="bbox 119 417 1763 2518">
    <p class='ocr_par' dir='ltr' id='par_1_5' title="bbox 119 417 1763 1389">
     <span class='ocr_line' id='line_1_5' title="bbox 158 417 1730 458; baseline 0.001 -9"><span class='ocrx_word' id='word_1_13' title='bbox 158 422 182 450; x_wconf 92' lang='lat' dir='ltr'>l.</span> <span class='ocrx_word' id='word_1_14' title='bbox 207 420 276 455; x_wconf 84' lang='lat' dir='ltr'>Quo</span> <span class='ocrx_word' id='word_1_15' title='bbox 304 419 353 448; x_wconf 85' lang='lat' dir='ltr'>die</span> <span class='ocrx_word' id='word_1_16' title='bbox 377 417 576 447; x_wconf 81' lang='lat' dir='ltr'>Theodosius</span> <span class='ocrx_word' id='word_1_17' title='bbox 606 418 741 454; x_wconf 78' lang='lat' dir='ltr'>Magnus</span> <span class='ocrx_word' id='word_1_18' title='bbox 765 417 937 447; x_wconf 71' lang='lat' dir='ltr'>Catholicis</span> <span class='ocrx_word' id='word_1_19' title='bbox 965 419 1135 453; x_wconf 74' lang='lat' dir='ltr'>ecclesias,</span> <span class='ocrx_word' id='word_1_20' title='bbox 1164 428 1234 456; x_wconf 64' lang='lat' dir='ltr'>quse</span> <span class='ocrx_word' id='word_1_21' title='bbox 1262 423 1320 448; x_wconf 77' lang='lat' dir='ltr'>tani</span> <span class='ocrx_word' id='word_1_22' title='bbox 1348 419 1502 449; x_wconf 86' lang='lat' dir='ltr'>diuturno</span> <span class='ocrx_word' id='word_1_23' title='bbox 1528 423 1667 458; x_wconf 81' lang='lat' dir='ltr'>tempore</span> <span class='ocrx_word' id='word_1_24' title='bbox 1692 422 1730 451; x_wconf 84' lang='lat' dir='ltr'>ab</span> 
     </span>
     <span class='ocr_line' id='line_1_6' title="bbox 122 457 1729 496; baseline 0.001 -8"><span class='ocrx_word' id='word_1_25' title='bbox 122 460 250 488; x_wconf 76' lang='lat' dir='ltr'>Arianis</span> <span class='ocrx_word' id='word_1_26' title='bbox 271 461 430 495; x_wconf 70' lang='lat' dir='ltr'>occupatae</span> <span class='ocrx_word' id='word_1_27' title='bbox 453 457 587 490; x_wconf 77' lang='lat' dir='ltr'>inerant,</span> <span class='ocrx_word' id='word_1_28' title='bbox 615 457 765 490; x_wconf 71' lang='lat' dir='ltr'>restituit,</span> <span class='ocrx_word' id='word_1_29' title='bbox 793 466 830 485; x_wconf 75' lang='lat' dir='ltr'>eo</span> <span class='ocrx_word' id='word_1_30' title='bbox 857 457 926 494; x_wconf 86' lang='lat' dir='ltr'>ipso</span> <span class='ocrx_word' id='word_1_31' title='bbox 950 457 1012 492; x_wconf 81' lang='lat' dir='ltr'>die,</span> <span class='ocrx_word' id='word_1_32' title='bbox 1034 462 1066 487; x_wconf 88' lang='lat' dir='ltr'>ut</span> <span class='ocrx_word' id='word_1_33' title='bbox 1086 467 1121 487; x_wconf 80' lang='lat' dir='ltr'>ex</span> <span class='ocrx_word' id='word_1_34' title='bbox 1141 458 1285 495; x_wconf 73' lang='lat' dir='ltr'>urs-gorii</span> <span class='ocrx_word' id='word_1_35' title='bbox 1308 459 1504 488; x_wconf 74' lang='lat' dir='ltr'>carminibus</span> <span class='ocrx_word' id='word_1_36' title='bbox 1527 461 1729 496; x_wconf 80' lang='lat' dir='ltr'>perspicuum</span> 
     </span>
     <span class='ocr_line' id='line_1_7' title="bbox 119 495 1731 536; baseline -0.001 -9"><span class='ocrx_word' id='word_1_37' title='bbox 119 502 165 528; x_wconf 83' lang='lat' dir='ltr'>est</span> <span class='ocrx_word' id='word_1_38' title='bbox 192 497 266 535; x_wconf 59' lang='lat'>(123),</span> <span class='ocrx_word' id='word_1_39' title='bbox 286 497 427 526; x_wconf 82' lang='lat' dir='ltr'>unanimi</span> <span class='ocrx_word' id='word_1_40' title='bbox 447 504 606 524; x_wconf 84' lang='lat' dir='ltr'>consensu</span> <span class='ocrx_word' id='word_1_41' title='bbox 622 495 660 524; x_wconf 86' lang='lat' dir='ltr'>ab</span> <span class='ocrx_word' id='word_1_42' title='bbox 682 495 871 532; x_wconf 74' lang='lat' dir='ltr'>imperatore</span> <span class='ocrx_word' id='word_1_43' title='bbox 892 502 1103 533; x_wconf 78' lang='lat' dir='ltr'>poposcerunt</span> <span class='ocrx_word' id='word_1_44' title='bbox 1119 497 1476 534; x_wconf 81' lang='lat' dir='ltr'>Constantinopolitani,</span> <span class='ocrx_word' id='word_1_45' title='bbox 1496 501 1529 527; x_wconf 93' lang='lat' dir='ltr'>ut</span> <span class='ocrx_word' id='word_1_46' title='bbox 1548 498 1731 536; x_wconf 67' lang='lat' dir='ltr'>episcopan²</span> 
     </span>
     <span class='ocr_line' id='line_1_8' title="bbox 119 534 1730 574; baseline 0 -8"><span class='ocrx_word' id='word_1_47' title='bbox 119 537 235 566; x_wconf 80' lang='lat' dir='ltr'>solium</span> <span class='ocrx_word' id='word_1_48' title='bbox 258 535 484 565; x_wconf 73' lang='lat' dir='ltr'>conscenderet</span> <span class='ocrx_word' id='word_1_49' title='bbox 509 534 706 570; x_wconf 69' lang='lat' dir='ltr'>Tlieologus.</span> <span class='ocrx_word' id='word_1_50' title='bbox 741 535 829 563; x_wconf 77' lang='lat' dir='ltr'>Tunc</span> <span class='ocrx_word' id='word_1_51' title='bbox 855 542 928 564; x_wconf 89' lang='lat' dir='ltr'>vero</span> <span class='ocrx_word' id='word_1_52' title='bbox 957 538 1130 572; x_wconf 67' lang='lat' dir='ltr'>expugnari</span> <span class='ocrx_word' id='word_1_53' title='bbox 1159 544 1220 564; x_wconf 91' lang='lat' dir='ltr'>non</span> <span class='ocrx_word' id='word_1_54' title='bbox 1252 537 1354 574; x_wconf 76' lang='lat' dir='ltr'>potnit</span> <span class='ocrx_word' id='word_1_55' title='bbox 1381 536 1480 573; x_wconf 86' lang='lat' dir='ltr'>ipsius</span> <span class='ocrx_word' id='word_1_56' title='bbox 1504 538 1671 572; x_wconf 87' lang='lat' dir='ltr'>modestia,</span> <span class='ocrx_word' id='word_1_57' title='bbox 1698 542 1730 566; x_wconf 89' lang='lat' dir='ltr'>nt</span> 
     </span>
     <span class='ocr_line' id='line_1_9' title="bbox 120 573 1728 613; baseline -0.001 -7"><span class='ocrx_word' id='word_1_58' title='bbox 120 584 286 606; x_wconf 72' lang='lat' dir='ltr'>assensum</span> <span class='ocrx_word' id='word_1_59' title='bbox 320 574 482 611; x_wconf 62' lang='lat' dir='ltr'>przebcrct.</span> <span class='ocrx_word' id='word_1_60' title='bbox 512 573 599 602; x_wconf 77' lang='lat' dir='ltr'>Victa</span> <span class='ocrx_word' id='word_1_61' title='bbox 633 576 736 602; x_wconf 83' lang='lat' dir='ltr'>tamen</span> <span class='ocrx_word' id='word_1_62' title='bbox 765 573 979 611; x_wconf 78' lang='lat' dir='ltr'>postitioduni‚</span> <span class='ocrx_word' id='word_1_63' title='bbox 1009 575 1070 603; x_wconf 74' lang='lat' dir='ltr'>imo</span> <span class='ocrx_word' id='word_1_64' title='bbox 1092 575 1198 611; x_wconf 73' lang='lat' dir='ltr'>potius</span> <span class='ocrx_word' id='word_1_65' title='bbox 1220 579 1324 603; x_wconf 80' lang='lat' dir='ltr'>concta</span> <span class='ocrx_word' id='word_1_66' title='bbox 1346 579 1376 604; x_wconf 80' lang='lat' dir='ltr'>ct</span> <span class='ocrx_word' id='word_1_67' title='bbox 1392 583 1542 613; x_wconf 76' lang='lat' dir='ltr'>oppressa</span> <span class='ocrx_word' id='word_1_68' title='bbox 1578 579 1634 605; x_wconf 88' lang='lat' dir='ltr'>est.</span> <span class='ocrx_word' id='word_1_69' title='bbox 1667 576 1728 611; x_wconf 88' lang='lat' dir='ltr'>Qui</span> 
     </span>
     <span class='ocr_line' id='line_1_10' title="bbox 120 611 1732 651; baseline 0 -8"><span class='ocrx_word' id='word_1_70' title='bbox 120 618 224 644; x_wconf 87' lang='lat' dir='ltr'>anteni</span> <span class='ocrx_word' id='word_1_71' title='bbox 243 615 273 643; x_wconf 93' lang='lat' dir='ltr'>in</span> <span class='ocrx_word' id='word_1_72' title='bbox 292 622 363 643; x_wconf 89' lang='lat' dir='ltr'>eum</span> <span class='ocrx_word' id='word_1_73' title='bbox 385 612 459 642; x_wconf 78' lang='lat' dir='ltr'>odio</span> <span class='ocrx_word' id='word_1_74' title='bbox 475 612 657 649; x_wconf 73' lang='lat' dir='ltr'>flagrabant,</span> <span class='ocrx_word' id='word_1_75' title='bbox 676 611 712 641; x_wconf 71' lang='lat' dir='ltr'>ad</span> <span class='ocrx_word' id='word_1_76' title='bbox 733 611 762 641; x_wconf 90' lang='lat' dir='ltr'>id</span> <span class='ocrx_word' id='word_1_77' title='bbox 785 612 995 648; x_wconf 75' lang='lat' dir='ltr'>improbitatis</span> <span class='ocrx_word' id='word_1_78' title='bbox 1013 617 1041 642; x_wconf 88' lang='lat' dir='ltr'>et</span> <span class='ocrx_word' id='word_1_79' title='bbox 1057 614 1203 643; x_wconf 59' lang='lat' dir='ltr'>amenti-“e</span> <span class='ocrx_word' id='word_1_80' title='bbox 1223 619 1396 647; x_wconf 86' lang='lat' dir='ltr'>venerunt,</span> <span class='ocrx_word' id='word_1_81' title='bbox 1427 618 1479 649; x_wconf 92' lang='grc' dir='ltr'>ιιι,</span> <span class='ocrx_word' id='word_1_82' title='bbox 1507 615 1592 651; x_wconf 78' lang='lat' dir='ltr'>vagis</span> <span class='ocrx_word' id='word_1_83' title='bbox 1612 623 1732 644; x_wconf 78' lang='lat' dir='ltr'>sei-mo·-</span> 
     </span>
     <span class='ocr_line' id='line_1_11' title="bbox 121 651 1729 690; baseline 0 -8"><span class='ocrx_word' id='word_1_84' title='bbox 121 653 227 686; x_wconf 81' lang='lat' dir='ltr'>nibus,</span> <span class='ocrx_word' id='word_1_85' title='bbox 256 656 350 690; x_wconf 87' lang='lat' dir='ltr'>atque</span> <span class='ocrx_word' id='word_1_86' title='bbox 371 652 485 689; x_wconf 83' lang='lat' dir='ltr'>injusta</span> <span class='ocrx_word' id='word_1_87' title='bbox 504 651 687 680; x_wconf 79' lang='lat' dir='ltr'>ambitionis</span> <span class='ocrx_word' id='word_1_88' title='bbox 705 651 927 684; x_wconf 78' lang='lat' dir='ltr'>accusatione,</span> <span class='ocrx_word' id='word_1_89' title='bbox 955 653 1168 690; x_wconf 75' lang='lat' dir='ltr'>undequaque</span> <span class='ocrx_word' id='word_1_90' title='bbox 1196 652 1295 689; x_wconf 88' lang='lat' dir='ltr'>ipsius</span> <span class='ocrx_word' id='word_1_91' title='bbox 1319 652 1407 682; x_wconf 76' lang='lat' dir='ltr'>famae</span> <span class='ocrx_word' id='word_1_92' title='bbox 1433 653 1597 682; x_wconf 68' lang='lat' dir='ltr'>dedecoris</span> <span class='ocrx_word' id='word_1_93' title='bbox 1625 658 1729 682; x_wconf 90' lang='lat' dir='ltr'>notam</span> 
     </span>
     <span class='ocr_line' id='line_1_12' title="bbox 120 690 1730 730; baseline 0 -10"><span class='ocrx_word' id='word_1_94' title='bbox 120 692 251 722; x_wconf 84' lang='lat' dir='ltr'>inurere</span> <span class='ocrx_word' id='word_1_95' title='bbox 270 695 440 721; x_wconf 76' lang='lat' dir='ltr'>tentarent.</span> <span class='ocrx_word' id='word_1_96' title='bbox 461 691 538 719; x_wconf 86' lang='lat' dir='ltr'>Eum</span> <span class='ocrx_word' id='word_1_97' title='bbox 557 698 707 727; x_wconf 75' lang='lat' dir='ltr'>namque,</span> <span class='ocrx_word' id='word_1_98' title='bbox 736 690 820 719; x_wconf 84' lang='lat' dir='ltr'>velut</span> <span class='ocrx_word' id='word_1_99' title='bbox 838 690 943 719; x_wconf 87' lang='lat' dir='ltr'>inanis</span> <span class='ocrx_word' id='word_1_100' title='bbox 967 691 1074 724; x_wconf 63' lang='lat' dir='ltr'>glori-&#39;e</span> <span class='ocrx_word' id='word_1_101' title='bbox 1098 691 1261 728; x_wconf 84' lang='lat' dir='ltr'>cupidum,</span> <span class='ocrx_word' id='word_1_102' title='bbox 1287 700 1321 720; x_wconf 84' lang='lat' dir='ltr'>ac</span> <span class='ocrx_word' id='word_1_103' title='bbox 1345 691 1489 720; x_wconf 84' lang='lat' dir='ltr'>simulata</span> <span class='ocrx_word' id='word_1_104' title='bbox 1510 692 1636 727; x_wconf 82' lang='lat' dir='ltr'>virtute,</span> <span class='ocrx_word' id='word_1_105' title='bbox 1664 693 1730 730; x_wconf 84' lang='lat' dir='ltr'>epi-</span> 
     </span>
     <span class='ocr_line' id='line_1_13' title="bbox 121 729 1728 769; baseline 0.001 -11"><span class='ocrx_word' id='word_1_106' title='bbox 121 731 258 769; x_wconf 66' lang='lat' dir='ltr'>scopalis</span> <span class='ocrx_word' id='word_1_107' title='bbox 275 730 359 759; x_wconf 79' lang='lat' dir='ltr'>sedis</span> <span class='ocrx_word' id='word_1_108' title='bbox 379 730 515 758; x_wconf 82' lang='lat' dir='ltr'>bonores</span> <span class='ocrx_word' id='word_1_109' title='bbox 533 729 737 762; x_wconf 83' lang='lat' dir='ltr'>ambientem,</span> <span class='ocrx_word' id='word_1_110' title='bbox 753 729 955 759; x_wconf 80' lang='lat' dir='ltr'>exhibebant.</span> <span class='ocrx_word' id='word_1_111' title='bbox 973 730 1144 766; x_wconf 69' lang='lat' dir='ltr'>Gregorius</span> <span class='ocrx_word' id='word_1_112' title='bbox 1163 739 1250 765; x_wconf 84' lang='lat' dir='ltr'>vero,</span> <span class='ocrx_word' id='word_1_113' title='bbox 1266 731 1387 759; x_wconf 75' lang='lat' dir='ltr'>tametsi</span> <span class='ocrx_word' id='word_1_114' title='bbox 1404 731 1534 759; x_wconf 77' lang='lat' dir='ltr'>mininie</span> <span class='ocrx_word' id='word_1_115' title='bbox 1547 735 1600 760; x_wconf 86' lang='lat' dir='ltr'>ant</span> <span class='ocrx_word' id='word_1_116' title='bbox 1619 740 1728 768; x_wconf 84' lang='lat' dir='ltr'>parum</span> 
     </span>
     <span class='ocr_line' id='line_1_14' title="bbox 122 768 1728 806; baseline 0.001 -9"><span class='ocrx_word' id='word_1_117' title='bbox 122 770 171 799; x_wconf 74' lang='lat' dir='ltr'>tiis</span> <span class='ocrx_word' id='word_1_118' title='bbox 200 769 404 799; x_wconf 79' lang='lat' dir='ltr'>sermonibus</span> <span class='ocrx_word' id='word_1_119' title='bbox 438 771 631 801; x_wconf 85' lang='lat' dir='ltr'>moveretur,</span> <span class='ocrx_word' id='word_1_120' title='bbox 661 775 723 796; x_wconf 91' lang='lat' dir='ltr'>non</span> <span class='ocrx_word' id='word_1_121' title='bbox 755 768 913 797; x_wconf 82' lang='lat' dir='ltr'>dubitavit</span> <span class='ocrx_word' id='word_1_122' title='bbox 944 773 1048 798; x_wconf 85' lang='lat' dir='ltr'>tamen</span> <span class='ocrx_word' id='word_1_123' title='bbox 1074 769 1129 799; x_wconf 70' lang='lat' dir='ltr'>linc</span> <span class='ocrx_word' id='word_1_124' title='bbox 1159 770 1303 798; x_wconf 83' lang='lat' dir='ltr'>oratione</span> <span class='ocrx_word' id='word_1_125' title='bbox 1328 769 1455 806; x_wconf 84' lang='lat' dir='ltr'>injustis</span> <span class='ocrx_word' id='word_1_126' title='bbox 1475 770 1728 799; x_wconf 71' lang='lat' dir='ltr'>adversariorum</span> 
     </span>
     <span class='ocr_line' id='line_1_15' title="bbox 121 806 1727 846; baseline -0.001 -8"><span class='ocrx_word' id='word_1_127' title='bbox 121 808 289 838; x_wconf 73' lang='lat' dir='ltr'>calumniis</span> <span class='ocrx_word' id='word_1_128' title='bbox 307 807 511 843; x_wconf 78' lang='lat' dir='ltr'>respondere.</span> <span class='ocrx_word' id='word_1_129' title='bbox 537 806 675 835; x_wconf 86' lang='lat' dir='ltr'>Primum</span> <span class='ocrx_word' id='word_1_130' title='bbox 701 815 810 835; x_wconf 78' lang='lat' dir='ltr'>causas</span> <span class='ocrx_word' id='word_1_131' title='bbox 836 807 968 844; x_wconf 88' lang='lat' dir='ltr'>inquirit</span> <span class='ocrx_word' id='word_1_132' title='bbox 987 807 1075 836; x_wconf 84' lang='lat' dir='ltr'>illins</span> <span class='ocrx_word' id='word_1_133' title='bbox 1093 808 1186 837; x_wconf 68' lang='lat' dir='ltr'>studii</span> <span class='ocrx_word' id='word_1_134' title='bbox 1203 829 1210 840; x_wconf 85' lang='lat'>,</span> <span class='ocrx_word' id='word_1_135' title='bbox 1238 808 1321 846; x_wconf 84' lang='lat' dir='ltr'>quod</span> <span class='ocrx_word' id='word_1_136' title='bbox 1349 808 1407 836; x_wconf 87' lang='lat' dir='ltr'>sibi</span> <span class='ocrx_word' id='word_1_137' title='bbox 1432 816 1446 836; x_wconf 80' lang='lat' dir='ltr'>a</span> <span class='ocrx_word' id='word_1_138' title='bbox 1475 808 1642 837; x_wconf 66' lang='lat' dir='ltr'>Catholicis</span> <span class='ocrx_word' id='word_1_139' title='bbox 1669 813 1727 837; x_wconf 86' lang='lat' dir='ltr'>tani</span> 
     </span>
     <span class='ocr_line' id='line_1_16' title="bbox 120 845 1730 884; baseline 0 -8"><span class='ocrx_word' id='word_1_140' title='bbox 120 848 268 876; x_wconf 81' lang='lat' dir='ltr'>ardenter</span> <span class='ocrx_word' id='word_1_141' title='bbox 301 847 523 883; x_wconf 66' lang='lat' dir='ltr'>prrcstabaturz</span> <span class='ocrx_word' id='word_1_142' title='bbox 554 849 584 874; x_wconf 91' lang='lat' dir='ltr'>et</span> <span class='ocrx_word' id='word_1_143' title='bbox 612 845 799 879; x_wconf 79' lang='lat' dir='ltr'>posthabitis</span> <span class='ocrx_word' id='word_1_144' title='bbox 826 845 874 873; x_wconf 79' lang='lat' dir='ltr'>liis</span> <span class='ocrx_word' id='word_1_145' title='bbox 899 847 1060 879; x_wconf 64' lang='lat' dir='ltr'>omnibuS,</span> <span class='ocrx_word' id='word_1_146' title='bbox 1082 857 1117 875; x_wconf 81' lang='lat' dir='ltr'>ex</span> <span class='ocrx_word' id='word_1_147' title='bbox 1139 847 1256 883; x_wconf 77' lang='lat' dir='ltr'>quibus</span> <span class='ocrx_word' id='word_1_148' title='bbox 1284 847 1383 883; x_wconf 75' lang='lat' dir='ltr'>ipsitts</span> <span class='ocrx_word' id='word_1_149' title='bbox 1410 847 1506 883; x_wconf 64' lang='lat' dir='ltr'>gloria</span> <span class='ocrx_word' id='word_1_150' title='bbox 1534 848 1730 884; x_wconf 68' lang='lat' dir='ltr'>prsrstantior</span> 
     </span>
     <span class='ocr_line' id='line_1_17' title="bbox 123 884 1728 923; baseline 0.002 -10"><span class='ocrx_word' id='word_1_151' title='bbox 123 885 222 915; x_wconf 74' lang='lat' dir='ltr'>videri</span> <span class='ocrx_word' id='word_1_152' title='bbox 242 888 360 923; x_wconf 82' lang='lat' dir='ltr'>posset,</span> <span class='ocrx_word' id='word_1_153' title='bbox 377 893 428 914; x_wconf 81' lang='lat' dir='ltr'>eas</span> <span class='ocrx_word' id='word_1_154' title='bbox 451 884 486 913; x_wconf 83' lang='lat' dir='ltr'>ad</span> <span class='ocrx_word' id='word_1_155' title='bbox 508 884 572 913; x_wconf 57' lang='lat' dir='ltr'>brec</span> <span class='ocrx_word' id='word_1_156' title='bbox 590 886 646 913; x_wconf 84' lang='lat' dir='ltr'>tria</span> <span class='ocrx_word' id='word_1_157' title='bbox 663 884 764 922; x_wconf 79' lang='lat' dir='ltr'>capita</span> <span class='ocrx_word' id='word_1_158' title='bbox 778 889 903 914; x_wconf 79' lang='lat' dir='ltr'>revocat</span> <span class='ocrx_word' id='word_1_159' title='bbox 919 895 925 913; x_wconf 72' lang='grc' dir='ltr'>ε</span> <span class='ocrx_word' id='word_1_160' title='bbox 942 885 987 914; x_wconf 78' lang='lat' dir='ltr'>rel</span> <span class='ocrx_word' id='word_1_161' title='bbox 1006 887 1089 922; x_wconf 87' lang='lat' dir='ltr'>qnod</span> <span class='ocrx_word' id='word_1_162' title='bbox 1105 896 1119 915; x_wconf 88' lang='lat' dir='ltr'>a</span> <span class='ocrx_word' id='word_1_163' title='bbox 1135 886 1497 922; x_wconf 77' lang='lat' dir='ltr'>Constantinopolitanis</span> <span class='ocrx_word' id='word_1_164' title='bbox 1513 886 1643 921; x_wconf 81' lang='lat' dir='ltr'>accitus,</span> <span class='ocrx_word' id='word_1_165' title='bbox 1663 886 1728 922; x_wconf 85' lang='lat' dir='ltr'>ipse</span> 
     </span>
     <span class='ocr_line' id='line_1_18' title="bbox 123 923 1730 963; baseline 0 -10"><span class='ocrx_word' id='word_1_166' title='bbox 123 926 208 954; x_wconf 84' lang='lat' dir='ltr'>velut</span> <span class='ocrx_word' id='word_1_167' title='bbox 229 925 392 963; x_wconf 85' lang='lat' dir='ltr'>proprium</span> <span class='ocrx_word' id='word_1_168' title='bbox 411 923 536 951; x_wconf 89' lang='lat' dir='ltr'>illorum</span> <span class='ocrx_word' id='word_1_169' title='bbox 556 931 636 960; x_wconf 81' lang='lat' dir='ltr'>opus</span> <span class='ocrx_word' id='word_1_170' title='bbox 653 932 687 952; x_wconf 88' lang='lat' dir='ltr'>ac</span> <span class='ocrx_word' id='word_1_171' title='bbox 706 924 865 958; x_wconf 79' lang='lat' dir='ltr'>peculiare</span> <span class='ocrx_word' id='word_1_172' title='bbox 883 923 1000 952; x_wconf 88' lang='lat' dir='ltr'>bonnm</span> <span class='ocrx_word' id='word_1_173' title='bbox 1029 924 1198 953; x_wconf 80' lang='lat' dir='ltr'>baberetur</span> <span class='ocrx_word' id='word_1_174' title='bbox 1216 935 1222 953; x_wconf 90' lang='lat'><strong>:</strong></span> <span class='ocrx_word' id='word_1_175' title='bbox 1244 925 1290 953; x_wconf 73' lang='lat' dir='ltr'>vel</span> <span class='ocrx_word' id='word_1_176' title='bbox 1315 924 1398 962; x_wconf 85' lang='lat' dir='ltr'>qnod</span> <span class='ocrx_word' id='word_1_177' title='bbox 1428 924 1562 962; x_wconf 83' lang='lat' dir='ltr'>simplici</span> <span class='ocrx_word' id='word_1_178' title='bbox 1582 929 1611 953; x_wconf 91' lang='lat' dir='ltr'>ct</span> <span class='ocrx_word' id='word_1_179' title='bbox 1629 924 1730 962; x_wconf 79' lang='lat' dir='ltr'>pbilo-</span> 
     </span>
     <span class='ocr_line' id='line_1_19' title="bbox 121 962 1727 1000; baseline -0.001 -7"><span class='ocrx_word' id='word_1_180' title='bbox 121 964 250 1000; x_wconf 77' lang='lat' dir='ltr'>sophica</span> <span class='ocrx_word' id='word_1_181' title='bbox 276 963 404 991; x_wconf 77' lang='lat' dir='ltr'>vivendi</span> <span class='ocrx_word' id='word_1_182' title='bbox 428 963 549 991; x_wconf 89' lang='lat' dir='ltr'>ratione</span> <span class='ocrx_word' id='word_1_183' title='bbox 566 966 671 996; x_wconf 59' lang='lat' dir='ltr'>utone,</span> <span class='ocrx_word' id='word_1_184' title='bbox 697 962 758 990; x_wconf 88' lang='lat' dir='ltr'>sibi</span> <span class='ocrx_word' id='word_1_185' title='bbox 778 962 850 992; x_wconf 85' lang='lat' dir='ltr'>inde</span> <span class='ocrx_word' id='word_1_186' title='bbox 868 972 976 991; x_wconf 75' lang='lat' dir='ltr'>eorum</span> <span class='ocrx_word' id='word_1_187' title='bbox 999 962 1252 992; x_wconf 65' lang='lat' dir='ltr'>benevol‹;=iitiani</span> <span class='ocrx_word' id='word_1_188' title='bbox 1279 963 1465 992; x_wconf 68' lang='lat' dir='ltr'>conciliaret</span> <span class='ocrx_word' id='word_1_189' title='bbox 1487 974 1493 992; x_wconf 76' lang='grc' dir='ltr'><strong><em>ε</em></strong></span> <span class='ocrx_word' id='word_1_190' title='bbox 1513 964 1558 993; x_wconf 87' lang='lat' dir='ltr'>vel</span> <span class='ocrx_word' id='word_1_191' title='bbox 1586 964 1727 999; x_wconf 86' lang='lat' dir='ltr'>demum,</span> 
     </span>
     <span class='ocr_line' id='line_1_20' title="bbox 121 1000 1726 1041; baseline -0.001 -9"><span class='ocrx_word' id='word_1_192' title='bbox 121 1004 204 1041; x_wconf 77' lang='lat' dir='ltr'>qnod</span> <span class='ocrx_word' id='word_1_193' title='bbox 225 1002 345 1031; x_wconf 87' lang='lat' dir='ltr'>invidia</span> <span class='ocrx_word' id='word_1_194' title='bbox 363 1010 397 1030; x_wconf 66' lang='lat' dir='ltr'>{tc</span> <span class='ocrx_word' id='word_1_195' title='bbox 415 1000 692 1038; x_wconf 64' lang='lat' dir='ltr'>persecutionibus</span> <span class='ocrx_word' id='word_1_196' title='bbox 711 1009 898 1038; x_wconf 72' lang='lat' dir='ltr'>oppressus,</span> <span class='ocrx_word' id='word_1_197' title='bbox 920 1002 987 1038; x_wconf 78' lang='lat' dir='ltr'>ipse</span> <span class='ocrx_word' id='word_1_198' title='bbox 1012 1002 1136 1031; x_wconf 85' lang='lat' dir='ltr'>cliarior</span> <span class='ocrx_word' id='word_1_199' title='bbox 1168 1003 1331 1040; x_wconf 71' lang='lat' dir='ltr'>magisque</span> <span class='ocrx_word' id='word_1_200' title='bbox 1350 1002 1464 1031; x_wconf 87' lang='lat' dir='ltr'>civium</span> <span class='ocrx_word' id='word_1_201' title='bbox 1489 1010 1594 1032; x_wconf 86' lang='lat' dir='ltr'>amore</span> <span class='ocrx_word' id='word_1_202' title='bbox 1611 1002 1726 1040; x_wconf 79' lang='lat' dir='ltr'>dignus</span> 
     </span>
     <span class='ocr_line' id='line_1_21' title="bbox 121 1040 1727 1079; baseline 0 -9"><span class='ocrx_word' id='word_1_203' title='bbox 121 1041 309 1071; x_wconf 77' lang='lat' dir='ltr'>efficeretur.</span> <span class='ocrx_word' id='word_1_204' title='bbox 334 1040 452 1069; x_wconf 86' lang='lat' dir='ltr'>Deinde</span> <span class='ocrx_word' id='word_1_205' title='bbox 470 1040 653 1068; x_wconf 77' lang='lat' dir='ltr'>ambitionis</span> <span class='ocrx_word' id='word_1_206' title='bbox 682 1044 786 1068; x_wconf 85' lang='lat' dir='ltr'>notaui</span> <span class='ocrx_word' id='word_1_207' title='bbox 805 1049 819 1068; x_wconf 85' lang='lat' dir='ltr'>a</span> <span class='ocrx_word' id='word_1_208' title='bbox 839 1049 871 1069; x_wconf 86' lang='lat' dir='ltr'>se</span> <span class='ocrx_word' id='word_1_209' title='bbox 889 1040 1030 1070; x_wconf 64' lang='lat' dir='ltr'>modeste</span> <span class='ocrx_word' id='word_1_210' title='bbox 1048 1041 1182 1078; x_wconf 79' lang='lat' dir='ltr'>repellit..</span> <span class='ocrx_word' id='word_1_211' title='bbox 1213 1041 1333 1072; x_wconf 60' lang='lat' dir='ltr'>Cretum</span> <span class='ocrx_word' id='word_1_212' title='bbox 1356 1045 1534 1079; x_wconf 84' lang='lat' dir='ltr'>terramque</span> <span class='ocrx_word' id='word_1_213' title='bbox 1550 1045 1727 1075; x_wconf 82' lang='lat' dir='ltr'>attestatur,</span> 
     </span>
     <span class='ocr_line' id='line_1_22' title="bbox 120 1078 1727 1118; baseline 0 -9"><span class='ocrx_word' id='word_1_214' title='bbox 120 1089 154 1110; x_wconf 83' lang='lat' dir='ltr'>se</span> <span class='ocrx_word' id='word_1_215' title='bbox 173 1088 334 1118; x_wconf 76' lang='lat' dir='ltr'>nunquam</span> <span class='ocrx_word' id='word_1_216' title='bbox 355 1078 663 1115; x_wconf 79' lang='lat' dir='ltr'>Constantinopolim</span> <span class='ocrx_word' id='word_1_217' title='bbox 683 1079 822 1115; x_wconf 85' lang='lat' dir='ltr'>venisse,</span> <span class='ocrx_word' id='word_1_218' title='bbox 839 1083 872 1107; x_wconf 91' lang='lat' dir='ltr'>ut.</span> <span class='ocrx_word' id='word_1_219' title='bbox 889 1080 1127 1116; x_wconf 80' lang='lat' dir='ltr'>«episcopalem</span> <span class='ocrx_word' id='word_1_220' title='bbox 1145 1079 1322 1109; x_wconf 71' lang='lat' dir='ltr'>cathedram</span> <span class='ocrx_word' id='word_1_221' title='bbox 1341 1080 1499 1109; x_wconf 79' lang='lat' dir='ltr'>affectaret</span> <span class='ocrx_word' id='word_1_222' title='bbox 1515 1081 1557 1117; x_wconf 90' lang='lat' dir='ltr'>(n.</span> <span class='ocrx_word' id='word_1_223' title='bbox 1575 1080 1621 1118; x_wconf 75' lang='lat'>(3);</span> <span class='ocrx_word' id='word_1_224' title='bbox 1642 1082 1727 1109; x_wconf 84' lang='lat' dir='ltr'>»sed</span> 
     </span>
     <span class='ocr_line' id='line_1_23' title="bbox 121 1117 1726 1156; baseline -0.001 -8"><span class='ocrx_word' id='word_1_225' title='bbox 121 1119 202 1148; x_wconf 81' lang='lat' dir='ltr'>hanc</span> <span class='ocrx_word' id='word_1_226' title='bbox 219 1128 312 1148; x_wconf 79' lang='lat' dir='ltr'>unam</span> <span class='ocrx_word' id='word_1_227' title='bbox 329 1118 476 1147; x_wconf 87' lang='lat' dir='ltr'>veniendi</span> <span class='ocrx_word' id='word_1_228' title='bbox 496 1126 620 1147; x_wconf 78' lang='lat' dir='ltr'>causam</span> <span class='ocrx_word' id='word_1_229' title='bbox 645 1117 744 1146; x_wconf 78' lang='lat' dir='ltr'>fnisse</span> <span class='ocrx_word' id='word_1_230' title='bbox 758 1139 765 1151; x_wconf 94' lang='lat'>,</span> <span class='ocrx_word' id='word_1_231' title='bbox 786 1122 819 1146; x_wconf 89' lang='lat' dir='ltr'>ut</span> <span class='ocrx_word' id='word_1_232' title='bbox 844 1118 915 1146; x_wconf 77' lang='lat' dir='ltr'>tidei</span> <span class='ocrx_word' id='word_1_233' title='bbox 941 1119 1202 1154; x_wconf 81' lang='lat' dir='ltr'>patrocinaretur,</span> <span class='ocrx_word' id='word_1_234' title='bbox 1225 1119 1391 1155; x_wconf 79' lang='lat' dir='ltr'>viduaeque</span> <span class='ocrx_word' id='word_1_235' title='bbox 1407 1119 1557 1147; x_wconf 71' lang='lat' dir='ltr'>Ecclesire</span> <span class='ocrx_word' id='word_1_236' title='bbox 1574 1127 1726 1156; x_wconf 80' lang='lat' dir='ltr'>sponsum</span> 
     </span>
     <span class='ocr_line' id='line_1_24' title="bbox 121 1156 1726 1195; baseline -0.001 -8"><span class='ocrx_word' id='word_1_237' title='bbox 121 1167 157 1187; x_wconf 88' lang='lat' dir='ltr'>ca</span> <span class='ocrx_word' id='word_1_238' title='bbox 175 1158 307 1195; x_wconf 77' lang='lat' dir='ltr'>dignum</span> <span class='ocrx_word' id='word_1_239' title='bbox 332 1160 525 1194; x_wconf 86' lang='lat' dir='ltr'>procuraret.</span> <span class='ocrx_word' id='word_1_240' title='bbox 545 1156 625 1186; x_wconf 84' lang='lat' dir='ltr'>Hinc</span> <span class='ocrx_word' id='word_1_241' title='bbox 643 1156 823 1185; x_wconf 81' lang='lat' dir='ltr'>Catliolicos</span> <span class='ocrx_word' id='word_1_242' title='bbox 851 1156 1003 1191; x_wconf 75' lang='lat' dir='ltr'>hortatur,</span> <span class='ocrx_word' id='word_1_243' title='bbox 1031 1161 1063 1186; x_wconf 93' lang='lat' dir='ltr'>ut</span> <span class='ocrx_word' id='word_1_244' title='bbox 1082 1158 1158 1186; x_wconf 79' lang='lat' dir='ltr'>tales</span> <span class='ocrx_word' id='word_1_245' title='bbox 1179 1161 1305 1195; x_wconf 86' lang='lat' dir='ltr'>tamque</span> <span class='ocrx_word' id='word_1_246' title='bbox 1325 1157 1453 1195; x_wconf 89' lang='lat' dir='ltr'>iniquos</span> <span class='ocrx_word' id='word_1_247' title='bbox 1469 1157 1726 1186; x_wconf 64' lang='lat' dir='ltr'>adversariorum</span> 
     </span>
     <span class='ocr_line' id='line_1_25' title="bbox 121 1195 1763 1234; baseline -0.002 -9"><span class='ocrx_word' id='word_1_248' title='bbox 121 1204 286 1226; x_wconf 80' lang='lat' dir='ltr'>sermones</span> <span class='ocrx_word' id='word_1_249' title='bbox 304 1196 545 1234; x_wconf 71' lang='lat' dir='ltr'>parvipendant,</span> <span class='ocrx_word' id='word_1_250' title='bbox 564 1204 597 1224; x_wconf 84' lang='lat' dir='ltr'>ac</span> <span class='ocrx_word' id='word_1_251' title='bbox 615 1195 673 1224; x_wconf 84' lang='lat' dir='ltr'>soli</span> <span class='ocrx_word' id='word_1_252' title='bbox 692 1195 770 1229; x_wconf 88' lang='lat' dir='ltr'>Deo,</span> <span class='ocrx_word' id='word_1_253' title='bbox 796 1195 849 1232; x_wconf 82' lang='lat' dir='ltr'>qui</span> <span class='ocrx_word' id='word_1_254' title='bbox 876 1196 1019 1224; x_wconf 87' lang='lat' dir='ltr'>omnium</span> <span class='ocrx_word' id='word_1_255' title='bbox 1035 1197 1128 1225; x_wconf 85' lang='lat' dir='ltr'>corda</span> <span class='ocrx_word' id='word_1_256' title='bbox 1145 1197 1298 1231; x_wconf 83' lang='lat' dir='ltr'>intuetur,</span> <span class='ocrx_word' id='word_1_257' title='bbox 1324 1196 1388 1225; x_wconf 79' lang='lat' dir='ltr'>iiaec</span> <span class='ocrx_word' id='word_1_258' title='bbox 1404 1196 1608 1233; x_wconf 85' lang='lat' dir='ltr'>disceptanda</span> <span class='ocrx_word' id='word_1_259' title='bbox 1627 1195 1726 1225; x_wconf 87' lang='lat' dir='ltr'>relin-</span> <span class='ocrx_word' id='word_1_260' title='bbox 1759 1217 1763 1222; x_wconf 95' lang='lat'>.</span> 
     </span>
     <span class='ocr_line' id='line_1_26' title="bbox 120 1234 1727 1274; baseline 0.001 -10"><span class='ocrx_word' id='word_1_261' title='bbox 120 1240 232 1274; x_wconf 83' lang='lat' dir='ltr'>quant.</span> <span class='ocrx_word' id='word_1_262' title='bbox 265 1236 362 1265; x_wconf 84' lang='lat' dir='ltr'>Docet</span> <span class='ocrx_word' id='word_1_263' title='bbox 382 1235 514 1271; x_wconf 84' lang='lat' dir='ltr'>insuper</span> <span class='ocrx_word' id='word_1_264' title='bbox 531 1235 748 1270; x_wconf 80' lang='lat' dir='ltr'>improborum</span> <span class='ocrx_word' id='word_1_265' title='bbox 767 1234 942 1262; x_wconf 77' lang='lat' dir='ltr'>calumnias</span> <span class='ocrx_word' id='word_1_266' title='bbox 959 1242 1121 1272; x_wconf 84' lang='lat' dir='ltr'>nunquan]</span> <span class='ocrx_word' id='word_1_267' title='bbox 1143 1235 1210 1263; x_wconf 90' lang='lat' dir='ltr'>viro</span> <span class='ocrx_word' id='word_1_268' title='bbox 1235 1236 1332 1272; x_wconf 88' lang='lat' dir='ltr'>probo</span> <span class='ocrx_word' id='word_1_269' title='bbox 1357 1243 1471 1264; x_wconf 81' lang='lat' dir='ltr'>nocere</span> <span class='ocrx_word' id='word_1_270' title='bbox 1493 1243 1601 1272; x_wconf 80' lang='lat' dir='ltr'>posse3</span> <span class='ocrx_word' id='word_1_271' title='bbox 1631 1239 1660 1263; x_wconf 91' lang='lat' dir='ltr'>et</span> <span class='ocrx_word' id='word_1_272' title='bbox 1688 1236 1727 1265; x_wconf 87' lang='lat' dir='ltr'>ad</span> 
     </span>
     <span class='ocr_line' id='line_1_27' title="bbox 121 1272 1726 1312; baseline 0.002 -13"><span class='ocrx_word' id='word_1_273' title='bbox 121 1275 283 1304; x_wconf 67' lang='lat' dir='ltr'>auditores</span> <span class='ocrx_word' id='word_1_274' title='bbox 300 1273 475 1303; x_wconf 82' lang='lat' dir='ltr'>orationem</span> <span class='ocrx_word' id='word_1_275' title='bbox 497 1278 710 1302; x_wconf 81' lang='lat' dir='ltr'>convertens:</span> <span class='ocrx_word' id='word_1_276' title='bbox 732 1283 745 1299; x_wconf 83' lang='lat'>«</span> <span class='ocrx_word' id='word_1_277' title='bbox 762 1273 838 1305; x_wconf 79' lang='lat' dir='ltr'>Vos,</span> <span class='ocrx_word' id='word_1_278' title='bbox 871 1272 973 1309; x_wconf 87' lang='lat' dir='ltr'>inquit</span> <span class='ocrx_word' id='word_1_279' title='bbox 1001 1273 1044 1309; x_wconf 88' lang='grc' dir='ltr'>(ιι.</span> <span class='ocrx_word' id='word_1_280' title='bbox 1071 1274 1131 1311; x_wconf 81' lang='lat'>10),</span> <span class='ocrx_word' id='word_1_281' title='bbox 1156 1273 1252 1311; x_wconf 79' lang='lat' dir='ltr'>gloria</span> <span class='ocrx_word' id='word_1_282' title='bbox 1281 1282 1348 1303; x_wconf 83' lang='lat' dir='ltr'>mea</span> <span class='ocrx_word' id='word_1_283' title='bbox 1373 1277 1484 1308; x_wconf 86' lang='lat' dir='ltr'>estote,</span> <span class='ocrx_word' id='word_1_284' title='bbox 1518 1273 1726 1312; x_wconf 78' lang='lat' dir='ltr'>defensioque</span> 
     </span>
     <span class='ocr_line' id='line_1_28' title="bbox 122 1312 1724 1350; baseline -0.002 -7"><span class='ocrx_word' id='word_1_285' title='bbox 122 1322 188 1343; x_wconf 86' lang='lat' dir='ltr'>mea</span> <span class='ocrx_word' id='word_1_286' title='bbox 207 1314 289 1350; x_wconf 86' lang='lat' dir='ltr'>apud</span> <span class='ocrx_word' id='word_1_287' title='bbox 308 1321 375 1347; x_wconf 74' lang='lat' dir='ltr'>eos,</span> <span class='ocrx_word' id='word_1_288' title='bbox 392 1312 447 1349; x_wconf 86' lang='lat' dir='ltr'>qui</span> <span class='ocrx_word' id='word_1_289' title='bbox 464 1320 512 1340; x_wconf 84' lang='lat' dir='ltr'>me</span> <span class='ocrx_word' id='word_1_290' title='bbox 525 1312 679 1348; x_wconf 81' lang='lat' dir='ltr'>judicant.</span> <span class='ocrx_word' id='word_1_291' title='bbox 699 1312 953 1340; x_wconf 82' lang='lat' dir='ltr'>Obtrectatorum</span> <span class='ocrx_word' id='word_1_292' title='bbox 972 1320 1114 1341; x_wconf 88' lang='lat' dir='ltr'>meorum</span> <span class='ocrx_word' id='word_1_293' title='bbox 1133 1312 1296 1341; x_wconf 79' lang='lat' dir='ltr'>maledicta</span> <span class='ocrx_word' id='word_1_294' title='bbox 1313 1313 1482 1350; x_wconf 78' lang='lat' dir='ltr'>superabo,</span> <span class='ocrx_word' id='word_1_295' title='bbox 1498 1313 1594 1341; x_wconf 89' lang='lat' dir='ltr'>modo</span> <span class='ocrx_word' id='word_1_296' title='bbox 1613 1313 1724 1348; x_wconf 82' lang='lat' dir='ltr'>Patris,</span> 
     </span>
     <span class='ocr_line' id='line_1_29' title="bbox 122 1350 1414 1389; baseline -0.002 -8"><span class='ocrx_word' id='word_1_297' title='bbox 122 1357 151 1382; x_wconf 85' lang='lat' dir='ltr'>et</span> <span class='ocrx_word' id='word_1_298' title='bbox 169 1353 254 1385; x_wconf 83' lang='lat' dir='ltr'>Filii,</span> <span class='ocrx_word' id='word_1_299' title='bbox 271 1355 300 1381; x_wconf 89' lang='lat' dir='ltr'>et</span> <span class='ocrx_word' id='word_1_300' title='bbox 316 1351 452 1389; x_wconf 73' lang='lat' dir='ltr'>Spiritus</span> <span class='ocrx_word' id='word_1_301' title='bbox 470 1350 568 1379; x_wconf 85' lang='lat' dir='ltr'>sancti</span> <span class='ocrx_word' id='word_1_302' title='bbox 587 1350 822 1379; x_wconf 77' lang='lat' dir='ltr'>consessionem</span> <span class='ocrx_word' id='word_1_303' title='bbox 841 1351 959 1378; x_wconf 77' lang='lat' dir='ltr'>tii-mam</span> <span class='ocrx_word' id='word_1_304' title='bbox 976 1359 1010 1379; x_wconf 83' lang='lat' dir='ltr'>ac</span> <span class='ocrx_word' id='word_1_305' title='bbox 1030 1351 1182 1388; x_wconf 80' lang='lat' dir='ltr'>integram</span> <span class='ocrx_word' id='word_1_306' title='bbox 1201 1352 1372 1380; x_wconf 73' lang='lat' dir='ltr'>retineatis.</span> <span class='ocrx_word' id='word_1_307' title='bbox 1400 1362 1414 1378; x_wconf 88' lang='lat'><strong>»</strong></span> 
     </span>
    </p>

    <p class='ocr_par' dir='ltr' id='par_1_6' title="bbox 120 1388 1736 2518">
     <span class='ocr_line' id='line_1_30' title="bbox 160 1388 1722 1429; baseline -0.001 -8"><span class='ocrx_word' id='word_1_308' title='bbox 160 1392 200 1421; x_wconf 87' lang='lat' dir='ltr'>lt.</span> <span class='ocrx_word' id='word_1_309' title='bbox 220 1403 233 1417; x_wconf 90' lang='lat'>«</span> <span class='ocrx_word' id='word_1_310' title='bbox 251 1391 405 1420; x_wconf 85' lang='lat' dir='ltr'>Baronius</span> <span class='ocrx_word' id='word_1_311' title='bbox 420 1389 603 1419; x_wconf 80' lang='lat' dir='ltr'>existimare</span> <span class='ocrx_word' id='word_1_312' title='bbox 621 1389 756 1423; x_wconf 80' lang='lat' dir='ltr'>videtur,</span> <span class='ocrx_word' id='word_1_313' title='bbox 774 1400 786 1415; x_wconf 76' lang='grc' dir='ltr'>»ι</span> <span class='ocrx_word' id='word_1_314' title='bbox 806 1388 955 1425; x_wconf 81' lang='lat' dir='ltr'>inquiunt</span> <span class='ocrx_word' id='word_1_315' title='bbox 972 1389 1173 1419; x_wconf 73' lang='lat' dir='ltr'>Bollandistm</span> <span class='ocrx_word' id='word_1_316' title='bbox 1186 1390 1261 1429; x_wconf 52' lang='lat' dir='ltr'>(kh),</span> <span class='ocrx_word' id='word_1_317' title='bbox 1281 1401 1294 1416; x_wconf 92' lang='lat'>«</span> <span class='ocrx_word' id='word_1_318' title='bbox 1311 1390 1397 1428; x_wconf 85' lang='lat' dir='ltr'>quod</span> <span class='ocrx_word' id='word_1_319' title='bbox 1417 1389 1481 1419; x_wconf 80' lang='lat' dir='ltr'>liaec</span> <span class='ocrx_word' id='word_1_320' title='bbox 1498 1390 1598 1419; x_wconf 76' lang='lat' dir='ltr'>oratio</span> <span class='ocrx_word' id='word_1_321' title='bbox 1619 1390 1722 1420; x_wconf 79' lang='lat' dir='ltr'>babila</span> 
     </span>
     <span class='ocr_line' id='line_1_31' title="bbox 121 1427 1720 1468; baseline -0.001 -9"><span class='ocrx_word' id='word_1_322' title='bbox 121 1431 174 1465; x_wconf 79' lang='lat' dir='ltr'>sit,</span> <span class='ocrx_word' id='word_1_323' title='bbox 194 1435 360 1468; x_wconf 75' lang='lat' dir='ltr'>postquam</span> <span class='ocrx_word' id='word_1_324' title='bbox 379 1429 412 1458; x_wconf 87' lang='lat' dir='ltr'>in</span> <span class='ocrx_word' id='word_1_325' title='bbox 432 1428 580 1458; x_wconf 84' lang='lat' dir='ltr'>thronum</span> <span class='ocrx_word' id='word_1_326' title='bbox 597 1427 635 1457; x_wconf 85' lang='lat' dir='ltr'>ab</span> <span class='ocrx_word' id='word_1_327' title='bbox 652 1427 809 1465; x_wconf 84' lang='lat' dir='ltr'>episcopis</span> <span class='ocrx_word' id='word_1_328' title='bbox 824 1427 884 1456; x_wconf 82' lang='lat' dir='ltr'>fuit</span> <span class='ocrx_word' id='word_1_329' title='bbox 899 1432 1027 1457; x_wconf 82' lang='lat' dir='ltr'>evectus</span> <span class='ocrx_word' id='word_1_330' title='bbox 1043 1428 1228 1466; x_wconf 68' lang='lat' dir='ltr'>Gregorius.</span> <span class='ocrx_word' id='word_1_331' title='bbox 1242 1441 1255 1455; x_wconf 71' lang='lat' dir='ltr'>u</span> <span class='ocrx_word' id='word_1_332' title='bbox 1283 1428 1348 1466; x_wconf 86' lang='lat' dir='ltr'>lpsi</span> <span class='ocrx_word' id='word_1_333' title='bbox 1369 1437 1441 1458; x_wconf 88' lang='lat' dir='ltr'>vero</span> <span class='ocrx_word' id='word_1_334' title='bbox 1464 1434 1552 1458; x_wconf 85' lang='lat' dir='ltr'>antea</span> <span class='ocrx_word' id='word_1_335' title='bbox 1571 1429 1720 1464; x_wconf 81' lang='lat' dir='ltr'>habitam,</span> 
     </span>
     <span class='ocr_line' id='line_1_32' title="bbox 123 1466 1722 1504; baseline -0.001 -5"><span class='ocrx_word' id='word_1_336' title='bbox 123 1474 156 1499; x_wconf 89' lang='lat' dir='ltr'>ut</span> <span class='ocrx_word' id='word_1_337' title='bbox 188 1469 394 1499; x_wconf 84' lang='lat' dir='ltr'>verisimilius</span> <span class='ocrx_word' id='word_1_338' title='bbox 427 1467 637 1501; x_wconf 84' lang='lat' dir='ltr'>arbitrantur;</span> <span class='ocrx_word' id='word_1_339' title='bbox 654 1475 712 1496; x_wconf 86' lang='lat' dir='ltr'>nec</span> <span class='ocrx_word' id='word_1_340' title='bbox 729 1466 888 1495; x_wconf 83' lang='lat' dir='ltr'>immerito</span> <span class='ocrx_word' id='word_1_341' title='bbox 908 1467 1050 1504; x_wconf 83' lang='lat' dir='ltr'>quidem.</span> <span class='ocrx_word' id='word_1_342' title='bbox 1079 1469 1140 1497; x_wconf 85' lang='lat' dir='ltr'>Sed</span> <span class='ocrx_word' id='word_1_343' title='bbox 1167 1476 1231 1496; x_wconf 89' lang='lat' dir='ltr'>non</span> <span class='ocrx_word' id='word_1_344' title='bbox 1256 1467 1296 1496; x_wconf 86' lang='lat' dir='ltr'>ita</span> <span class='ocrx_word' id='word_1_345' title='bbox 1316 1471 1399 1497; x_wconf 89' lang='lat' dir='ltr'>recte</span> <span class='ocrx_word' id='word_1_346' title='bbox 1416 1468 1588 1504; x_wconf 84' lang='lat' dir='ltr'>conjiciunt</span> <span class='ocrx_word' id='word_1_347' title='bbox 1605 1468 1722 1498; x_wconf 81' lang='lat' dir='ltr'>eruditi</span> 
     </span>
     <span class='ocr_line' id='line_1_33' title="bbox 121 1505 1723 1545; baseline -0.001 -8"><span class='ocrx_word' id='word_1_348' title='bbox 121 1509 193 1542; x_wconf 79' lang='lat' dir='ltr'>viri,</span> <span class='ocrx_word' id='word_1_349' title='bbox 225 1516 296 1537; x_wconf 82' lang='lat' dir='ltr'>curn</span> <span class='ocrx_word' id='word_1_350' title='bbox 327 1509 405 1536; x_wconf 81' lang='lat' dir='ltr'>banc</span> <span class='ocrx_word' id='word_1_351' title='bbox 430 1506 604 1545; x_wconf 83' lang='lat' dir='ltr'>orationem</span> <span class='ocrx_word' id='word_1_352' title='bbox 632 1506 668 1535; x_wconf 81' lang='lat' dir='ltr'>ad</span> <span class='ocrx_word' id='word_1_353' title='bbox 694 1513 833 1535; x_wconf 85' lang='lat' dir='ltr'>mensem</span> <span class='ocrx_word' id='word_1_354' title='bbox 860 1505 1001 1542; x_wconf 86' lang='lat' dir='ltr'>Aprilem</span> <span class='ocrx_word' id='word_1_355' title='bbox 1030 1506 1264 1543; x_wconf 80' lang='lat' dir='ltr'>pronuntiatam</span> <span class='ocrx_word' id='word_1_356' title='bbox 1285 1506 1434 1536; x_wconf 77' lang='lat' dir='ltr'>referunt.</span> <span class='ocrx_word' id='word_1_357' title='bbox 1463 1506 1512 1535; x_wconf 88' lang='lat' dir='ltr'>Sic</span> <span class='ocrx_word' id='word_1_358' title='bbox 1541 1507 1626 1536; x_wconf 88' lang='lat' dir='ltr'>enim</span> <span class='ocrx_word' id='word_1_359' title='bbox 1658 1515 1723 1536; x_wconf 87' lang='lat' dir='ltr'>rem</span> 
     </span>
     <span class='ocr_line' id='line_1_34' title="bbox 122 1544 1725 1586; baseline 0 -11"><span class='ocrx_word' id='word_1_360' title='bbox 122 1552 288 1586; x_wconf 83' lang='lat' dir='ltr'>exponunt</span> <span class='ocrx_word' id='word_1_361' title='bbox 312 1547 371 1584; x_wconf 54' lang='lat'>(1155</span> <span class='ocrx_word' id='word_1_362' title='bbox 391 1557 396 1575; x_wconf 71' lang='grc' dir='ltr'>ι</span> <span class='ocrx_word' id='word_1_363' title='bbox 416 1557 429 1572; x_wconf 84' lang='lat'>«</span> <span class='ocrx_word' id='word_1_364' title='bbox 446 1546 479 1574; x_wconf 92' lang='lat' dir='ltr'>In</span> <span class='ocrx_word' id='word_1_365' title='bbox 499 1545 643 1574; x_wconf 78' lang='lat' dir='ltr'>Carmine</span> <span class='ocrx_word' id='word_1_366' title='bbox 667 1544 702 1573; x_wconf 78' lang='lat' dir='ltr'>cle</span> <span class='ocrx_word' id='word_1_367' title='bbox 726 1544 791 1573; x_wconf 80' lang='lat' dir='ltr'>vita</span> <span class='ocrx_word' id='word_1_368' title='bbox 817 1552 883 1577; x_wconf 80' lang='lat' dir='ltr'>sna,</span> <span class='ocrx_word' id='word_1_369' title='bbox 905 1552 967 1573; x_wconf 92' lang='lat' dir='ltr'>non</span> <span class='ocrx_word' id='word_1_370' title='bbox 985 1545 1127 1574; x_wconf 82' lang='lat' dir='ltr'>meminit</span> <span class='ocrx_word' id='word_1_371' title='bbox 1149 1549 1277 1574; x_wconf 84' lang='lat' dir='ltr'>sanctus</span> <span class='ocrx_word' id='word_1_372' title='bbox 1304 1545 1399 1584; x_wconf 80' lang='lat' dir='ltr'>hujus</span> <span class='ocrx_word' id='word_1_373' title='bbox 1422 1545 1591 1580; x_wconf 78' lang='lat' dir='ltr'>violentiae,</span> <span class='ocrx_word' id='word_1_374' title='bbox 1622 1554 1725 1584; x_wconf 87' lang='lat' dir='ltr'>eoque</span> 
     </span>
     <span class='ocr_line' id='line_1_35' title="bbox 121 1583 1726 1622; baseline -0.001 -8"><span class='ocrx_word' id='word_1_375' title='bbox 121 1586 283 1616; x_wconf 87' lang='lat' dir='ltr'>‹litticilius</span> <span class='ocrx_word' id='word_1_376' title='bbox 299 1591 346 1615; x_wconf 87' lang='lat' dir='ltr'>est</span> <span class='ocrx_word' id='word_1_377' title='bbox 364 1590 513 1618; x_wconf 73' lang='lat' dir='ltr'>statuere,</span> <span class='ocrx_word' id='word_1_378' title='bbox 529 1591 593 1622; x_wconf 87' lang='lat' dir='ltr'>quo</span> <span class='ocrx_word' id='word_1_379' title='bbox 611 1588 751 1621; x_wconf 87' lang='lat' dir='ltr'>tempore</span> <span class='ocrx_word' id='word_1_380' title='bbox 771 1583 899 1620; x_wconf 59' lang='lat' dir='ltr'>praecise</span> <span class='ocrx_word' id='word_1_381' title='bbox 915 1583 944 1611; x_wconf 86' lang='lat' dir='ltr'>ei</span> <span class='ocrx_word' id='word_1_382' title='bbox 962 1583 1046 1612; x_wconf 86' lang='lat' dir='ltr'>illata</span> <span class='ocrx_word' id='word_1_383' title='bbox 1057 1583 1190 1613; x_wconf 80' lang='lat' dir='ltr'>suerit...</span> <span class='ocrx_word' id='word_1_384' title='bbox 1203 1584 1248 1613; x_wconf 88' lang='lat' dir='ltr'>Sit</span> <span class='ocrx_word' id='word_1_385' title='bbox 1266 1584 1359 1620; x_wconf 74' lang='lat' dir='ltr'>igitur</span> <span class='ocrx_word' id='word_1_386' title='bbox 1376 1585 1441 1614; x_wconf 75' lang='lat' dir='ltr'>lime</span> <span class='ocrx_word' id='word_1_387' title='bbox 1458 1592 1506 1613; x_wconf 83' lang='lat' dir='ltr'>res</span> <span class='ocrx_word' id='word_1_388' title='bbox 1522 1585 1600 1613; x_wconf 80' lang='lat' dir='ltr'>facta</span> <span class='ocrx_word' id='word_1_389' title='bbox 1617 1593 1726 1613; x_wconf 86' lang='lat' dir='ltr'>mense</span> 
     </span>
     <span class='ocr_line' id='line_1_36' title="bbox 122 1621 1728 1661; baseline -0.002 -6"><span class='ocrx_word' id='word_1_390' title='bbox 122 1625 296 1655; x_wconf 83' lang='lat' dir='ltr'>Februario</span> <span class='ocrx_word' id='word_1_391' title='bbox 311 1629 363 1654; x_wconf 88' lang='lat' dir='ltr'>aut</span> <span class='ocrx_word' id='word_1_392' title='bbox 385 1623 512 1658; x_wconf 76' lang='lat' dir='ltr'>Martio3</span> <span class='ocrx_word' id='word_1_393' title='bbox 543 1623 642 1652; x_wconf 81' lang='lat' dir='ltr'>oratio</span> <span class='ocrx_word' id='word_1_394' title='bbox 663 1630 735 1651; x_wconf 84' lang='lat' dir='ltr'>vero</span> <span class='ocrx_word' id='word_1_395' title='bbox 753 1621 858 1651; x_wconf 85' lang='lat' dir='ltr'>habita</span> <span class='ocrx_word' id='word_1_396' title='bbox 877 1630 984 1652; x_wconf 87' lang='lat' dir='ltr'>mense</span> <span class='ocrx_word' id='word_1_397' title='bbox 1001 1622 1133 1658; x_wconf 78' lang='lat' dir='ltr'>Aprili‚»</span> <span class='ocrx_word' id='word_1_398' title='bbox 1159 1626 1219 1652; x_wconf 83' lang='lat' dir='ltr'>etc.</span> <span class='ocrx_word' id='word_1_399' title='bbox 1248 1623 1384 1657; x_wconf 83' lang='lat' dir='ltr'>Verum,</span> <span class='ocrx_word' id='word_1_400' title='bbox 1408 1631 1469 1660; x_wconf 85' lang='lat' dir='ltr'>non</span> <span class='ocrx_word' id='word_1_401' title='bbox 1494 1622 1534 1651; x_wconf 83' lang='lat' dir='ltr'>ita</span> <span class='ocrx_word' id='word_1_402' title='bbox 1555 1623 1728 1661; x_wconf 84' lang='lat' dir='ltr'>conjicien-</span> 
     </span>
     <span class='ocr_line' id='line_1_37' title="bbox 121 1660 1725 1700; baseline -0.002 -6"><span class='ocrx_word' id='word_1_403' title='bbox 121 1665 197 1694; x_wconf 87' lang='lat' dir='ltr'>dum</span> <span class='ocrx_word' id='word_1_404' title='bbox 216 1664 416 1693; x_wconf 82' lang='lat' dir='ltr'>arbitramur.</span> <span class='ocrx_word' id='word_1_405' title='bbox 434 1663 509 1692; x_wconf 87' lang='lat' dir='ltr'>Nam</span> <span class='ocrx_word' id='word_1_406' title='bbox 527 1670 590 1700; x_wconf 83' lang='lat' dir='ltr'>quo</span> <span class='ocrx_word' id='word_1_407' title='bbox 609 1662 706 1698; x_wconf 72' lang='lat' dir='ltr'>magis</span> <span class='ocrx_word' id='word_1_408' title='bbox 725 1661 802 1698; x_wconf 84' lang='lat' dir='ltr'>ipsis</span> <span class='ocrx_word' id='word_1_409' title='bbox 819 1660 979 1690; x_wconf 83' lang='lat' dir='ltr'>difficilius</span> <span class='ocrx_word' id='word_1_410' title='bbox 992 1661 1156 1691; x_wconf 84' lang='lat' dir='ltr'>videbatur</span> <span class='ocrx_word' id='word_1_411' title='bbox 1177 1670 1240 1691; x_wconf 83' lang='lat' dir='ltr'>rem</span> <span class='ocrx_word' id='word_1_412' title='bbox 1258 1665 1409 1697; x_wconf 81' lang='lat' dir='ltr'>statuere,</span> <span class='ocrx_word' id='word_1_413' title='bbox 1427 1670 1464 1691; x_wconf 84' lang='lat' dir='ltr'>eo</span> <span class='ocrx_word' id='word_1_414' title='bbox 1482 1661 1582 1699; x_wconf 75' lang='lat' dir='ltr'>magis</span> <span class='ocrx_word' id='word_1_415' title='bbox 1597 1662 1725 1698; x_wconf 68' lang='lat' dir='ltr'>singula</span> 
     </span>
     <span class='ocr_line' id='line_1_38' title="bbox 121 1698 1727 1742; baseline -0.002 -10"><span class='ocrx_word' id='word_1_416' title='bbox 121 1711 258 1742; x_wconf 78' lang='lat' dir='ltr'>qua-que</span> <span class='ocrx_word' id='word_1_417' title='bbox 277 1702 496 1741; x_wconf 81' lang='lat' dir='ltr'>perpendenda</span> <span class='ocrx_word' id='word_1_418' title='bbox 515 1706 622 1735; x_wconf 82' lang='lat' dir='ltr'>ermit;</span> <span class='ocrx_word' id='word_1_419' title='bbox 644 1699 817 1738; x_wconf 77' lang='lat' dir='ltr'>proesertim</span> <span class='ocrx_word' id='word_1_420' title='bbox 846 1698 929 1733; x_wconf 70' lang='grc'>634.</span> <span class='ocrx_word' id='word_1_421' title='bbox 953 1708 1025 1729; x_wconf 87' lang='lat' dir='ltr'>cum</span> <span class='ocrx_word' id='word_1_422' title='bbox 1049 1701 1212 1735; x_wconf 80' lang='lat' dir='ltr'>adnotent,</span> <span class='ocrx_word' id='word_1_423' title='bbox 1235 1701 1339 1738; x_wconf 87' lang='lat' dir='ltr'>ipsum</span> <span class='ocrx_word' id='word_1_424' title='bbox 1357 1701 1510 1730; x_wconf 80' lang='lat' dir='ltr'>Hermant</span> <span class='ocrx_word' id='word_1_425' title='bbox 1530 1708 1673 1734; x_wconf 84' lang='lat' dir='ltr'>censere,</span> <span class='ocrx_word' id='word_1_426' title='bbox 1697 1701 1727 1729; x_wconf 89' lang='lat' dir='ltr'>id</span> 
     </span>
     <span class='ocr_line' id='line_1_39' title="bbox 120 1739 1728 1778; baseline -0.002 -6"><span class='ocrx_word' id='word_1_427' title='bbox 120 1744 238 1772; x_wconf 78' lang='lat' dir='ltr'>iactum</span> <span class='ocrx_word' id='word_1_428' title='bbox 254 1742 355 1771; x_wconf 74' lang='lat' dir='ltr'>fuisse</span> <span class='ocrx_word' id='word_1_429' title='bbox 377 1741 484 1776; x_wconf 83' lang='lat' dir='ltr'>paucis</span> <span class='ocrx_word' id='word_1_430' title='bbox 510 1744 579 1778; x_wconf 90' lang='lat' dir='ltr'>post</span> <span class='ocrx_word' id='word_1_431' title='bbox 608 1739 813 1769; x_wconf 67' lang='lat' dir='ltr'>eeclesiarum</span> <span class='ocrx_word' id='word_1_432' title='bbox 844 1739 1079 1769; x_wconf 81' lang='lat' dir='ltr'>restitutionem</span> <span class='ocrx_word' id='word_1_433' title='bbox 1105 1739 1231 1769; x_wconf 86' lang='lat' dir='ltr'>dicbus.</span> <span class='ocrx_word' id='word_1_434' title='bbox 1250 1740 1402 1774; x_wconf 87' lang='lat' dir='ltr'>Quamvis</span> <span class='ocrx_word' id='word_1_435' title='bbox 1419 1739 1503 1768; x_wconf 84' lang='lat' dir='ltr'>enim</span> <span class='ocrx_word' id='word_1_436' title='bbox 1523 1747 1581 1768; x_wconf 89' lang='lat' dir='ltr'>nos</span> <span class='ocrx_word' id='word_1_437' title='bbox 1597 1747 1728 1777; x_wconf 86' lang='lat' dir='ltr'>quoquo</span> 
     </span>
     <span class='ocr_line' id='line_1_40' title="bbox 123 1778 1729 1817; baseline -0.002 -7"><span class='ocrx_word' id='word_1_438' title='bbox 123 1783 290 1816; x_wconf 72' lang='lat' dir='ltr'>talcauiur,</span> <span class='ocrx_word' id='word_1_439' title='bbox 308 1780 496 1817; x_wconf 58' lang='lat' dir='ltr'>Gregorium</span> <span class='ocrx_word' id='word_1_440' title='bbox 513 1781 543 1808; x_wconf 92' lang='lat' dir='ltr'>in</span> <span class='ocrx_word' id='word_1_441' title='bbox 557 1778 738 1816; x_wconf 84' lang='lat' dir='ltr'>supradicto</span> <span class='ocrx_word' id='word_1_442' title='bbox 756 1778 907 1814; x_wconf 82' lang='lat' dir='ltr'>carmine,</span> <span class='ocrx_word' id='word_1_443' title='bbox 925 1786 988 1807; x_wconf 89' lang='lat' dir='ltr'>non</span> <span class='ocrx_word' id='word_1_444' title='bbox 1006 1779 1191 1808; x_wconf 79' lang='lat' dir='ltr'>meminisse</span> <span class='ocrx_word' id='word_1_445' title='bbox 1206 1778 1364 1808; x_wconf 80' lang='lat' dir='ltr'>violentiae</span> <span class='ocrx_word' id='word_1_446' title='bbox 1380 1778 1440 1807; x_wconf 91' lang='lat' dir='ltr'>sibi</span> <span class='ocrx_word' id='word_1_447' title='bbox 1457 1786 1472 1806; x_wconf 82' lang='lat' dir='ltr'>a</span> <span class='ocrx_word' id='word_1_448' title='bbox 1490 1780 1607 1815; x_wconf 87' lang='lat' dir='ltr'>populo</span> <span class='ocrx_word' id='word_1_449' title='bbox 1624 1778 1729 1812; x_wconf 69' lang='lat' dir='ltr'>illatae,</span> 
     </span>
     <span class='ocr_line' id='line_1_41' title="bbox 123 1817 1729 1856; baseline -0.003 -6"><span class='ocrx_word' id='word_1_450' title='bbox 123 1820 182 1850; x_wconf 78' lang='lat' dir='ltr'>etsi</span> <span class='ocrx_word' id='word_1_451' title='bbox 201 1820 382 1850; x_wconf 89' lang='lat' dir='ltr'>meminerit</span> <span class='ocrx_word' id='word_1_452' title='bbox 399 1819 594 1856; x_wconf 81' lang='lat' dir='ltr'>illiusquam</span> <span class='ocrx_word' id='word_1_453' title='bbox 614 1818 755 1855; x_wconf 82' lang='lat' dir='ltr'>episcopi</span> <span class='ocrx_word' id='word_1_454' title='bbox 776 1817 806 1844; x_wconf 92' lang='lat' dir='ltr'>in</span> <span class='ocrx_word' id='word_1_455' title='bbox 827 1818 960 1846; x_wconf 83' lang='lat' dir='ltr'>concilio</span> <span class='ocrx_word' id='word_1_456' title='bbox 977 1818 1144 1846; x_wconf 82' lang='lat' dir='ltr'>coadunati</span> <span class='ocrx_word' id='word_1_457' title='bbox 1162 1818 1222 1855; x_wconf 86' lang='lat' dir='ltr'>ipsi</span> <span class='ocrx_word' id='word_1_458' title='bbox 1241 1819 1442 1854; x_wconf 84' lang='lat' dir='ltr'>postmodum</span> <span class='ocrx_word' id='word_1_459' title='bbox 1460 1817 1649 1851; x_wconf 86' lang='lat' dir='ltr'>intulerunt,</span> <span class='ocrx_word' id='word_1_460' title='bbox 1666 1824 1729 1846; x_wconf 89' lang='lat' dir='ltr'>non</span> 
     </span>
     <span class='ocr_line' id='line_1_42' title="bbox 122 1855 1730 1889; baseline -0.002 -1"><span class='ocrx_word' id='word_1_461' title='bbox 122 1859 197 1889; x_wconf 86' lang='lat' dir='ltr'>inde</span> <span class='ocrx_word' id='word_1_462' title='bbox 225 1864 328 1888; x_wconf 85' lang='lat' dir='ltr'>tamen</span> <span class='ocrx_word' id='word_1_463' title='bbox 357 1858 436 1887; x_wconf 78' lang='lat' dir='ltr'>lianc</span> <span class='ocrx_word' id='word_1_464' title='bbox 464 1866 527 1886; x_wconf 87' lang='lat' dir='ltr'>rem</span> <span class='ocrx_word' id='word_1_465' title='bbox 552 1858 588 1886; x_wconf 86' lang='lat' dir='ltr'>ad</span> <span class='ocrx_word' id='word_1_466' title='bbox 611 1864 752 1885; x_wconf 88' lang='lat' dir='ltr'>mensem</span> <span class='ocrx_word' id='word_1_467' title='bbox 777 1855 985 1885; x_wconf 83' lang='lat' dir='ltr'>Februarium</span> <span class='ocrx_word' id='word_1_468' title='bbox 1002 1860 1053 1885; x_wconf 86' lang='lat' dir='ltr'>aul</span> <span class='ocrx_word' id='word_1_469' title='bbox 1072 1857 1219 1885; x_wconf 81' lang='lat' dir='ltr'>Martium</span> <span class='ocrx_word' id='word_1_470' title='bbox 1247 1856 1467 1885; x_wconf 79' lang='lat' dir='ltr'>remittendam</span> <span class='ocrx_word' id='word_1_471' title='bbox 1495 1855 1730 1885; x_wconf 79' lang='lat' dir='ltr'>concludimus.</span> 
     </span>
     <span class='ocr_line' id='line_1_43' title="bbox 123 1894 1732 1935; baseline -0.003 -8"><span class='ocrx_word' id='word_1_472' title='bbox 123 1898 253 1927; x_wconf 83' lang='lat' dir='ltr'>Constat</span> <span class='ocrx_word' id='word_1_473' title='bbox 273 1898 446 1935; x_wconf 78' lang='lat' dir='ltr'>siquidem,</span> <span class='ocrx_word' id='word_1_474' title='bbox 466 1897 534 1934; x_wconf 87' lang='lat' dir='ltr'>ipso</span> <span class='ocrx_word' id='word_1_475' title='bbox 550 1897 602 1925; x_wconf 90' lang='lat' dir='ltr'>die</span> <span class='ocrx_word' id='word_1_476' title='bbox 617 1904 681 1933; x_wconf 82' lang='lat' dir='ltr'>quo</span> <span class='ocrx_word' id='word_1_477' title='bbox 698 1894 869 1924; x_wconf 80' lang='lat' dir='ltr'>Catholicis</span> <span class='ocrx_word' id='word_1_478' title='bbox 886 1895 1040 1925; x_wconf 79' lang='lat' dir='ltr'>restitutae</span> <span class='ocrx_word' id='word_1_479' title='bbox 1056 1899 1129 1924; x_wconf 90' lang='lat' dir='ltr'>sunt</span> <span class='ocrx_word' id='word_1_480' title='bbox 1147 1895 1303 1929; x_wconf 66' lang='lat' dir='ltr'>ecclesize,</span> <span class='ocrx_word' id='word_1_481' title='bbox 1325 1894 1449 1932; x_wconf 83' lang='lat' dir='ltr'>plebem</span> <span class='ocrx_word' id='word_1_482' title='bbox 1473 1894 1594 1931; x_wconf 77' lang='lat' dir='ltr'>magnis</span> <span class='ocrx_word' id='word_1_483' title='bbox 1616 1896 1732 1923; x_wconf 85' lang='lat' dir='ltr'>clamo-</span> 
     </span>
     <span class='ocr_line' id='line_1_44' title="bbox 124 1933 1733 1974; baseline -0.003 -8"><span class='ocrx_word' id='word_1_484' title='bbox 124 1937 213 1966; x_wconf 86' lang='lat' dir='ltr'>ribus</span> <span class='ocrx_word' id='word_1_485' title='bbox 236 1937 274 1966; x_wconf 83' lang='lat' dir='ltr'>ab</span> <span class='ocrx_word' id='word_1_486' title='bbox 303 1941 491 1974; x_wconf 77' lang='lat' dir='ltr'>imperatore</span> <span class='ocrx_word' id='word_1_487' title='bbox 520 1935 754 1973; x_wconf 75' lang='lat' dir='ltr'>expostulasse,</span> <span class='ocrx_word' id='word_1_488' title='bbox 782 1937 814 1962; x_wconf 91' lang='lat' dir='ltr'>ut</span> <span class='ocrx_word' id='word_1_489' title='bbox 839 1933 1013 1971; x_wconf 68' lang='lat' dir='ltr'>Gregorius</span> <span class='ocrx_word' id='word_1_490' title='bbox 1038 1934 1221 1972; x_wconf 82' lang='lat' dir='ltr'>episcopale</span> <span class='ocrx_word' id='word_1_491' title='bbox 1237 1934 1353 1963; x_wconf 80' lang='lat' dir='ltr'>solium</span> <span class='ocrx_word' id='word_1_492' title='bbox 1375 1936 1613 1963; x_wconf 84' lang='lat' dir='ltr'>conscenderet.</span> <span class='ocrx_word' id='word_1_493' title='bbox 1641 1933 1733 1962; x_wconf 82' lang='lat' dir='ltr'>Hunc</span> 
     </span>
     <span class='ocr_line' id='line_1_45' title="bbox 124 1971 1733 2012; baseline -0.003 -7"><span class='ocrx_word' id='word_1_494' title='bbox 124 1976 341 2006; x_wconf 87' lang='lat' dir='ltr'>multitudinis</span> <span class='ocrx_word' id='word_1_495' title='bbox 368 1976 521 2012; x_wconf 83' lang='lat' dir='ltr'>impetum</span> <span class='ocrx_word' id='word_1_496' title='bbox 547 1983 629 2012; x_wconf 79' lang='lat' dir='ltr'>aegre</span> <span class='ocrx_word' id='word_1_497' title='bbox 650 1974 755 2004; x_wconf 85' lang='lat' dir='ltr'>serens</span> <span class='ocrx_word' id='word_1_498' title='bbox 783 1972 976 2010; x_wconf 74' lang='lat' dir='ltr'>Tbeologns,</span> <span class='ocrx_word' id='word_1_499' title='bbox 995 1982 1047 2002; x_wconf 82' lang='lat' dir='ltr'>vix</span> <span class='ocrx_word' id='word_1_500' title='bbox 1071 1982 1125 2011; x_wconf 92' lang='lat' dir='ltr'>pro</span> <span class='ocrx_word' id='word_1_501' title='bbox 1150 1977 1323 2007; x_wconf 88' lang='lat' dir='ltr'>momento,</span> <span class='ocrx_word' id='word_1_502' title='bbox 1348 1971 1476 2009; x_wconf 64' lang='lat' dir='ltr'>collegae</span> <span class='ocrx_word' id='word_1_503' title='bbox 1495 1971 1674 2000; x_wconf 86' lang='lat' dir='ltr'>ministerio</span> <span class='ocrx_word' id='word_1_504' title='bbox 1700 1980 1733 2001; x_wconf 81' lang='lat' dir='ltr'>ac</span> 
     </span>
     <span class='ocr_line' id='line_1_46' title="bbox 124 2011 1733 2049; baseline -0.002 -7"><span class='ocrx_word' id='word_1_505' title='bbox 124 2023 200 2045; x_wconf 74' lang='lat' dir='ltr'>voce</span> <span class='ocrx_word' id='word_1_506' title='bbox 222 2019 326 2049; x_wconf 70' lang='lat' dir='ltr'>utens,</span> <span class='ocrx_word' id='word_1_507' title='bbox 346 2015 432 2044; x_wconf 89' lang='lat' dir='ltr'>brevi</span> <span class='ocrx_word' id='word_1_508' title='bbox 450 2015 594 2043; x_wconf 83' lang='lat' dir='ltr'>oratione</span> <span class='ocrx_word' id='word_1_509' title='bbox 608 2013 741 2043; x_wconf 81' lang='lat' dir='ltr'>sedavit.</span> <span class='ocrx_word' id='word_1_510' title='bbox 758 2012 846 2041; x_wconf 86' lang='lat' dir='ltr'>Unde</span> <span class='ocrx_word' id='word_1_511' title='bbox 864 2011 1128 2041; x_wconf 84' lang='lat' dir='ltr'>verisimillimum</span> <span class='ocrx_word' id='word_1_512' title='bbox 1148 2017 1207 2047; x_wconf 88' lang='lat' dir='ltr'>est,</span> <span class='ocrx_word' id='word_1_513' title='bbox 1233 2011 1422 2049; x_wconf 77' lang='lat' dir='ltr'>Gregorium</span> <span class='ocrx_word' id='word_1_514' title='bbox 1443 2018 1505 2040; x_wconf 85' lang='lat' dir='ltr'>non</span> <span class='ocrx_word' id='word_1_515' title='bbox 1528 2011 1626 2039; x_wconf 85' lang='lat' dir='ltr'>multo</span> <span class='ocrx_word' id='word_1_516' title='bbox 1651 2014 1733 2048; x_wconf 85' lang='lat' dir='ltr'>post,</span> 
     </span>
     <span class='ocr_line' id='line_1_47' title="bbox 123 2049 1732 2089; baseline -0.003 -7"><span class='ocrx_word' id='word_1_517' title='bbox 123 2055 407 2083; x_wconf 81' lang='lat' dir='ltr'>ett&#39;ervesccntibus</span> <span class='ocrx_word' id='word_1_518' title='bbox 424 2054 526 2082; x_wconf 76' lang='lat' dir='ltr'>adbuc</span> <span class='ocrx_word' id='word_1_519' title='bbox 545 2053 671 2086; x_wconf 89' lang='lat' dir='ltr'>animis,</span> <span class='ocrx_word' id='word_1_520' title='bbox 696 2056 789 2089; x_wconf 84' lang='lat' dir='ltr'>atque</span> <span class='ocrx_word' id='word_1_521' title='bbox 817 2050 979 2080; x_wconf 81' lang='lat' dir='ltr'>ardentius</span> <span class='ocrx_word' id='word_1_522' title='bbox 996 2051 1117 2080; x_wconf 77' lang='lat' dir='ltr'>iteratis</span> <span class='ocrx_word' id='word_1_523' title='bbox 1145 2052 1227 2088; x_wconf 86' lang='lat' dir='ltr'>apud</span> <span class='ocrx_word' id='word_1_524' title='bbox 1255 2051 1476 2088; x_wconf 80' lang='lat' dir='ltr'>imperatorem</span> <span class='ocrx_word' id='word_1_525' title='bbox 1510 2049 1732 2087; x_wconf 86' lang='lat' dir='ltr'>petitionibus,</span> 
     </span>
     <span class='ocr_line' id='line_1_48' title="bbox 126 2088 1735 2127; baseline -0.004 -6"><span class='ocrx_word' id='word_1_526' title='bbox 126 2095 274 2123; x_wconf 89' lang='lat' dir='ltr'>tbronum</span> <span class='ocrx_word' id='word_1_527' title='bbox 306 2092 520 2122; x_wconf 77' lang='lat' dir='ltr'>conscendere</span> <span class='ocrx_word' id='word_1_528' title='bbox 542 2096 668 2121; x_wconf 80' lang='lat' dir='ltr'>coactus</span> <span class='ocrx_word' id='word_1_529' title='bbox 696 2091 806 2118; x_wconf 65' lang='lat' dir='ltr'>tuisse.</span> <span class='ocrx_word' id='word_1_530' title='bbox 836 2090 868 2118; x_wconf 87' lang='lat' dir='ltr'>ld</span> <span class='ocrx_word' id='word_1_531' title='bbox 898 2090 1057 2127; x_wconf 74' lang='lat' dir='ltr'>colligitur</span> <span class='ocrx_word' id='word_1_532' title='bbox 1081 2098 1156 2118; x_wconf 79' lang='lat' dir='ltr'>sane</span> <span class='ocrx_word' id='word_1_533' title='bbox 1183 2099 1220 2118; x_wconf 87' lang='lat' dir='ltr'>ex</span> <span class='ocrx_word' id='word_1_534' title='bbox 1248 2089 1296 2118; x_wconf 85' lang='lat' dir='ltr'>liis</span> <span class='ocrx_word' id='word_1_535' title='bbox 1322 2090 1416 2118; x_wconf 86' lang='lat' dir='ltr'>istius</span> <span class='ocrx_word' id='word_1_536' title='bbox 1448 2089 1601 2116; x_wconf 80' lang='lat' dir='ltr'>orationis</span> <span class='ocrx_word' id='word_1_537' title='bbox 1630 2088 1735 2117; x_wconf 79' lang='lat' dir='ltr'>vorbis</span> 
     </span>
     <span class='ocr_line' id='line_1_49' title="bbox 124 2126 1733 2169; baseline -0.004 -9"><span class='ocrx_word' id='word_1_538' title='bbox 124 2131 177 2169; x_wconf 74' lang='lat' dir='ltr'>(n.</span> <span class='ocrx_word' id='word_1_539' title='bbox 195 2133 231 2169; x_wconf 75' lang='lat'>2)</span> <span class='ocrx_word' id='word_1_540' title='bbox 252 2142 258 2159; x_wconf 82' lang='lat' dir='ltr'>z</span> <span class='ocrx_word' id='word_1_541' title='bbox 278 2143 290 2157; x_wconf 86' lang='lat'>«</span> <span class='ocrx_word' id='word_1_542' title='bbox 304 2132 586 2169; x_wconf 80' lang='lat' dir='ltr'>Hocpeispicuum</span> <span class='ocrx_word' id='word_1_543' title='bbox 603 2130 716 2159; x_wconf 87' lang='lat' dir='ltr'>sactum</span> <span class='ocrx_word' id='word_1_544' title='bbox 736 2133 792 2161; x_wconf 83' lang='lat' dir='ltr'>cst,</span> <span class='ocrx_word' id='word_1_545' title='bbox 811 2137 847 2157; x_wconf 83' lang='lat' dir='ltr'>ex</span> <span class='ocrx_word' id='word_1_546' title='bbox 867 2137 948 2158; x_wconf 89' lang='lat' dir='ltr'>novo</span> <span class='ocrx_word' id='word_1_547' title='bbox 964 2138 1000 2158; x_wconf 87' lang='lat' dir='ltr'>eo</span> <span class='ocrx_word' id='word_1_548' title='bbox 1017 2129 1168 2162; x_wconf 48' lang='lat' dir='ltr'>facium-⁴⁷1,</span> <span class='ocrx_word' id='word_1_549' title='bbox 1186 2130 1269 2166; x_wconf 79' lang='lat' dir='ltr'>quod</span> <span class='ocrx_word' id='word_1_550' title='bbox 1288 2128 1367 2157; x_wconf 80' lang='lat' dir='ltr'>circa</span> <span class='ocrx_word' id='word_1_551' title='bbox 1386 2136 1435 2157; x_wconf 87' lang='lat' dir='ltr'>me</span> <span class='ocrx_word' id='word_1_552' title='bbox 1453 2128 1534 2156; x_wconf 83' lang='lat' dir='ltr'>baud</span> <span class='ocrx_word' id='word_1_553' title='bbox 1552 2126 1592 2155; x_wconf 89' lang='lat' dir='ltr'>ita</span> <span class='ocrx_word' id='word_1_554' title='bbox 1614 2126 1733 2163; x_wconf 85' lang='lat' dir='ltr'>pridem</span> 
     </span>
     <span class='ocr_line' id='line_1_50' title="bbox 129 2166 1734 2208; baseline -0.004 -9"><span class='ocrx_word' id='word_1_555' title='bbox 129 2171 284 2206; x_wconf 77' lang='lat' dir='ltr'>edidistis,</span> <span class='ocrx_word' id='word_1_556' title='bbox 301 2179 373 2199; x_wconf 75' lang='lat' dir='ltr'>cum</span> <span class='ocrx_word' id='word_1_557' title='bbox 398 2180 463 2206; x_wconf 83' lang='lat' dir='ltr'>vos,</span> <span class='ocrx_word' id='word_1_558' title='bbox 482 2170 536 2208; x_wconf 83' lang='lat' dir='ltr'>qui</span> <span class='ocrx_word' id='word_1_559' title='bbox 559 2169 648 2206; x_wconf 87' lang='lat' dir='ltr'>plebs</span> <span class='ocrx_word' id='word_1_560' title='bbox 665 2169 755 2201; x_wconf 88' lang='lat' dir='ltr'>estis,</span> <span class='ocrx_word' id='word_1_561' title='bbox 788 2168 855 2199; x_wconf 80' lang='lat' dir='ltr'>zelo</span> <span class='ocrx_word' id='word_1_562' title='bbox 873 2171 902 2196; x_wconf 70' lang='lat' dir='ltr'>et</span> <span class='ocrx_word' id='word_1_563' title='bbox 920 2168 1081 2197; x_wconf 80' lang='lat' dir='ltr'>iracundia</span> <span class='ocrx_word' id='word_1_564' title='bbox 1099 2170 1269 2203; x_wconf 84' lang='lat' dir='ltr'>1ervcntcs,</span> <span class='ocrx_word' id='word_1_565' title='bbox 1292 2167 1479 2196; x_wconf 83' lang='lat' dir='ltr'>clamantem</span> <span class='ocrx_word' id='word_1_566' title='bbox 1497 2175 1545 2195; x_wconf 90' lang='lat' dir='ltr'>me</span> <span class='ocrx_word' id='word_1_567' title='bbox 1562 2169 1592 2194; x_wconf 81' lang='lat' dir='ltr'>et</span> <span class='ocrx_word' id='word_1_568' title='bbox 1613 2166 1734 2194; x_wconf 80' lang='lat' dir='ltr'>lamen-</span> 
     </span>
     <span class='ocr_line' id='line_1_51' title="bbox 129 2204 1733 2242; baseline -0.004 -4"><span class='ocrx_word' id='word_1_569' title='bbox 129 2214 244 2239; x_wconf 73' lang='lat' dir='ltr'>tantem</span> <span class='ocrx_word' id='word_1_570' title='bbox 265 2219 294 2238; x_wconf 92' lang='lat' dir='ltr'>in</span> <span class='ocrx_word' id='word_1_571' title='bbox 313 2210 368 2238; x_wconf 88' lang='lat' dir='ltr'>bac</span> <span class='ocrx_word' id='word_1_572' title='bbox 384 2210 458 2239; x_wconf 87' lang='lat' dir='ltr'>sede</span> <span class='ocrx_word' id='word_1_573' title='bbox 475 2208 690 2238; x_wconf 81' lang='lat' dir='ltr'>collocastis.»</span> <span class='ocrx_word' id='word_1_574' title='bbox 719 2207 786 2235; x_wconf 86' lang='lat' dir='ltr'>Non</span> <span class='ocrx_word' id='word_1_575' title='bbox 805 2206 889 2235; x_wconf 88' lang='lat' dir='ltr'>enim</span> <span class='ocrx_word' id='word_1_576' title='bbox 909 2207 1026 2237; x_wconf 86' lang='lat' dir='ltr'>rationi</span> <span class='ocrx_word' id='word_1_577' title='bbox 1042 2210 1291 2237; x_wconf 80' lang='lat' dir='ltr'>consentaneum</span> <span class='ocrx_word' id='word_1_578' title='bbox 1310 2209 1373 2239; x_wconf 87' lang='lat' dir='ltr'>est,</span> <span class='ocrx_word' id='word_1_579' title='bbox 1392 2209 1497 2242; x_wconf 84' lang='lat' dir='ltr'>pacata</span> <span class='ocrx_word' id='word_1_580' title='bbox 1515 2204 1733 2236; x_wconf 77' lang='lat' dir='ltr'>multitudine,</span> 
     </span>
     <span class='ocr_line' id='line_1_52' title="bbox 129 2243 1734 2286; baseline -0.004 -10"><span class='ocrx_word' id='word_1_581' title='bbox 129 2249 253 2285; x_wconf 83' lang='lat' dir='ltr'>plebem</span> <span class='ocrx_word' id='word_1_582' title='bbox 272 2252 341 2286; x_wconf 75' lang='lat' dir='ltr'>post</span> <span class='ocrx_word' id='word_1_583' title='bbox 359 2253 421 2277; x_wconf 77' lang='lat' dir='ltr'>tres</span> <span class='ocrx_word' id='word_1_584' title='bbox 438 2248 574 2277; x_wconf 82' lang='lat' dir='ltr'>subinde</span> <span class='ocrx_word' id='word_1_585' title='bbox 597 2251 650 2275; x_wconf 88' lang='lat' dir='ltr'>aut</span> <span class='ocrx_word' id='word_1_586' title='bbox 667 2250 805 2284; x_wconf 86' lang='lat' dir='ltr'>quatuor</span> <span class='ocrx_word' id='word_1_587' title='bbox 824 2254 950 2275; x_wconf 84' lang='lat' dir='ltr'>menses</span> <span class='ocrx_word' id='word_1_588' title='bbox 975 2245 1012 2276; x_wconf 86' lang='lat' dir='ltr'>ad</span> <span class='ocrx_word' id='word_1_589' title='bbox 1034 2246 1065 2275; x_wconf 85' lang='lat' dir='ltr'>id</span> <span class='ocrx_word' id='word_1_590' title='bbox 1092 2245 1250 2274; x_wconf 62' lang='lat' dir='ltr'>violentiae</span> <span class='ocrx_word' id='word_1_591' title='bbox 1272 2245 1468 2282; x_wconf 83' lang='lat' dir='ltr'>prorupisse.</span> <span class='ocrx_word' id='word_1_592' title='bbox 1494 2244 1572 2272; x_wconf 85' lang='lat' dir='ltr'>Nam</span> <span class='ocrx_word' id='word_1_593' title='bbox 1597 2243 1622 2271; x_wconf 93' lang='lat' dir='ltr'>si</span> <span class='ocrx_word' id='word_1_594' title='bbox 1649 2243 1734 2286; x_wconf 80' lang='lat' dir='ltr'>illata</span> 
     </span>
     <span class='ocr_line' id='line_1_53' title="bbox 129 2282 1735 2324; baseline -0.005 -8"><span class='ocrx_word' id='word_1_595' title='bbox 129 2288 283 2324; x_wconf 71' lang='lat' dir='ltr'>Gregorio</span> <span class='ocrx_word' id='word_1_596' title='bbox 299 2287 344 2315; x_wconf 82' lang='lat' dir='ltr'>vis</span> <span class='ocrx_word' id='word_1_597' title='bbox 362 2289 398 2316; x_wconf 82' lang='lat' dir='ltr'>ad</span> <span class='ocrx_word' id='word_1_598' title='bbox 418 2296 557 2316; x_wconf 80' lang='lat' dir='ltr'>inensem</span> <span class='ocrx_word' id='word_1_599' title='bbox 575 2285 784 2315; x_wconf 83' lang='lat' dir='ltr'>Februarium</span> <span class='ocrx_word' id='word_1_600' title='bbox 806 2289 860 2312; x_wconf 88' lang='lat' dir='ltr'>aut</span> <span class='ocrx_word' id='word_1_601' title='bbox 877 2284 1019 2322; x_wconf 83' lang='lat' dir='ltr'>Aprilem</span> <span class='ocrx_word' id='word_1_602' title='bbox 1044 2284 1232 2318; x_wconf 82' lang='lat' dir='ltr'>remittatur,</span> <span class='ocrx_word' id='word_1_603' title='bbox 1253 2283 1402 2320; x_wconf 83' lang='lat' dir='ltr'>culpandi</span> <span class='ocrx_word' id='word_1_604' title='bbox 1418 2287 1492 2312; x_wconf 90' lang='lat' dir='ltr'>sunt</span> <span class='ocrx_word' id='word_1_605' title='bbox 1511 2282 1735 2311; x_wconf 83' lang='lat' dir='ltr'>Constantino-</span> 
     </span>
     <span class='ocr_line' id='line_1_54' title="bbox 130 2321 1734 2363; baseline -0.004 -9"><span class='ocrx_word' id='word_1_606' title='bbox 130 2326 261 2363; x_wconf 87' lang='lat' dir='ltr'>politani</span> <span class='ocrx_word' id='word_1_607' title='bbox 292 2326 390 2359; x_wconf 85' lang='lat' dir='ltr'>cives,</span> <span class='ocrx_word' id='word_1_608' title='bbox 422 2326 597 2363; x_wconf 81' lang='lat' dir='ltr'>culpandus</span> <span class='ocrx_word' id='word_1_609' title='bbox 623 2329 652 2353; x_wconf 85' lang='lat' dir='ltr'>et</span> <span class='ocrx_word' id='word_1_610' title='bbox 682 2324 749 2360; x_wconf 74' lang='lat' dir='ltr'>ipso</span> <span class='ocrx_word' id='word_1_611' title='bbox 778 2323 963 2360; x_wconf 79' lang='lat' dir='ltr'>Gregorius,</span> <span class='ocrx_word' id='word_1_612' title='bbox 993 2325 1078 2361; x_wconf 87' lang='lat' dir='ltr'>quod</span> <span class='ocrx_word' id='word_1_613' title='bbox 1109 2322 1347 2360; x_wconf 84' lang='lat' dir='ltr'>episcoporum,</span> <span class='ocrx_word' id='word_1_614' title='bbox 1381 2322 1436 2358; x_wconf 86' lang='lat' dir='ltr'>qui</span> <span class='ocrx_word' id='word_1_615' title='bbox 1467 2321 1734 2361; x_wconf 79' lang='lat' dir='ltr'>convocabantur,</span> 
     </span>
     <span class='ocr_line' id='line_1_55' title="bbox 131 2359 1732 2402; baseline -0.005 -8"><span class='ocrx_word' id='word_1_616' title='bbox 131 2366 298 2394; x_wconf 65' lang='lat' dir='ltr'>adrentum</span> <span class='ocrx_word' id='word_1_617' title='bbox 316 2373 377 2393; x_wconf 83' lang='lat' dir='ltr'>non</span> <span class='ocrx_word' id='word_1_618' title='bbox 395 2365 619 2402; x_wconf 76' lang='lat' dir='ltr'>exspectarint.</span> <span class='ocrx_word' id='word_1_619' title='bbox 644 2364 700 2391; x_wconf 88' lang='lat' dir='ltr'>His</span> <span class='ocrx_word' id='word_1_620' title='bbox 719 2363 757 2390; x_wconf 85' lang='lat' dir='ltr'>ita</span> <span class='ocrx_word' id='word_1_621' title='bbox 774 2363 958 2399; x_wconf 86' lang='lat' dir='ltr'>perpensis,</span> <span class='ocrx_word' id='word_1_622' title='bbox 980 2362 1070 2391; x_wconf 86' lang='lat' dir='ltr'>nobis</span> <span class='ocrx_word' id='word_1_623' title='bbox 1087 2370 1157 2391; x_wconf 89' lang='lat' dir='ltr'>cuin</span> <span class='ocrx_word' id='word_1_624' title='bbox 1176 2361 1329 2390; x_wconf 84' lang='lat' dir='ltr'>Hermant</span> <span class='ocrx_word' id='word_1_625' title='bbox 1346 2365 1377 2390; x_wconf 88' lang='lat' dir='ltr'>et</span> <span class='ocrx_word' id='word_1_626' title='bbox 1391 2359 1596 2389; x_wconf 73' lang='lat' dir='ltr'>&#39;l&#39;illeinontio</span> <span class='ocrx_word' id='word_1_627' title='bbox 1617 2360 1732 2388; x_wconf 85' lang='lat' dir='ltr'>verist-</span> 
     </span>
     <span class='ocr_line' id='line_1_56' title="bbox 129 2397 1734 2439; baseline -0.004 -7"><span class='ocrx_word' id='word_1_628' title='bbox 129 2403 238 2432; x_wconf 73' lang='lat' dir='ltr'>mitius</span> <span class='ocrx_word' id='word_1_629' title='bbox 256 2404 391 2437; x_wconf 77' lang='lat' dir='ltr'>videtur,</span> <span class='ocrx_word' id='word_1_630' title='bbox 424 2403 607 2432; x_wconf 85' lang='lat' dir='ltr'>violentiam</span> <span class='ocrx_word' id='word_1_631' title='bbox 637 2402 789 2439; x_wconf 69' lang='lat' dir='ltr'>Gregorio</span> <span class='ocrx_word' id='word_1_632' title='bbox 809 2409 825 2429; x_wconf 87' lang='lat' dir='ltr'>a</span> <span class='ocrx_word' id='word_1_633' title='bbox 844 2400 934 2437; x_wconf 84' lang='lat' dir='ltr'>plebe</span> <span class='ocrx_word' id='word_1_634' title='bbox 957 2401 1074 2431; x_wconf 85' lang='lat' dir='ltr'>illatam</span> <span class='ocrx_word' id='word_1_635' title='bbox 1101 2400 1274 2436; x_wconf 69' lang='lat' dir='ltr'>contigisse</span> <span class='ocrx_word' id='word_1_636' title='bbox 1296 2400 1405 2437; x_wconf 81' lang='lat' dir='ltr'>paucis</span> <span class='ocrx_word' id='word_1_637' title='bbox 1437 2403 1506 2437; x_wconf 77' lang='lat' dir='ltr'>post</span> <span class='ocrx_word' id='word_1_638' title='bbox 1531 2397 1734 2427; x_wconf 81' lang='lat' dir='ltr'>ecclesiarum</span> 
     </span>
     <span class='ocr_line' id='line_1_57' title="bbox 131 2438 1736 2479; baseline -0.004 -8"><span class='ocrx_word' id='word_1_639' title='bbox 131 2443 365 2472; x_wconf 82' lang='lat' dir='ltr'>restitutionem</span> <span class='ocrx_word' id='word_1_640' title='bbox 392 2442 515 2476; x_wconf 82' lang='lat' dir='ltr'>diebus,</span> <span class='ocrx_word' id='word_1_641' title='bbox 545 2441 688 2477; x_wconf 85' lang='lat' dir='ltr'>liancquc</span> <span class='ocrx_word' id='word_1_642' title='bbox 716 2440 890 2469; x_wconf 87' lang='lat' dir='ltr'>orationem</span> <span class='ocrx_word' id='word_1_643' title='bbox 919 2438 1021 2479; x_wconf 53' lang='lat' dir='ltr'>fuiss-e</span> <span class='ocrx_word' id='word_1_644' title='bbox 1049 2447 1113 2469; x_wconf 88' lang='lat' dir='ltr'>non</span> <span class='ocrx_word' id='word_1_645' title='bbox 1141 2441 1241 2468; x_wconf 89' lang='lat' dir='ltr'>multo</span> <span class='ocrx_word' id='word_1_646' title='bbox 1268 2443 1337 2477; x_wconf 89' lang='lat' dir='ltr'>post</span> <span class='ocrx_word' id='word_1_647' title='bbox 1366 2438 1613 2476; x_wconf 84' lang='lat' dir='ltr'>pronuntiatam.</span> <span class='ocrx_word' id='word_1_648' title='bbox 1642 2438 1736 2466; x_wconf 75' lang='lat' dir='ltr'>Recte</span> 
     </span>
     <span class='ocr_line' id='line_1_58' title="bbox 132 2478 1265 2518; baseline -0.004 -8"><span class='ocrx_word' id='word_1_649' title='bbox 132 2481 226 2518; x_wconf 74' lang='lat' dir='ltr'>igitur</span> <span class='ocrx_word' id='word_1_650' title='bbox 244 2482 348 2511; x_wconf 86' lang='lat' dir='ltr'>medio</span> <span class='ocrx_word' id='word_1_651' title='bbox 365 2481 488 2511; x_wconf 84' lang='lat' dir='ltr'>circiter</span> <span class='ocrx_word' id='word_1_652' title='bbox 507 2489 615 2510; x_wconf 81' lang='lat' dir='ltr'>[nense</span> <span class='ocrx_word' id='word_1_653' title='bbox 631 2479 799 2509; x_wconf 85' lang='lat' dir='ltr'>Deccmbri</span> <span class='ocrx_word' id='word_1_654' title='bbox 817 2478 892 2508; x_wconf 88' lang='lat' dir='ltr'>anni</span> <span class='ocrx_word' id='word_1_655' title='bbox 911 2479 969 2508; x_wconf 79' lang='lat'>380</span> <span class='ocrx_word' id='word_1_656' title='bbox 985 2478 1132 2509; x_wconf 81' lang='lat' dir='ltr'>collocari</span> <span class='ocrx_word' id='word_1_657' title='bbox 1152 2481 1265 2515; x_wconf 80' lang='lat' dir='ltr'>potest.</span> 
     </span>
    </p>
   </div>
   <div class='ocr_carea' id='block_1_6' title="bbox 164 2569 1365 2642">
    <p class='ocr_par' dir='ltr' id='par_1_7' title="bbox 164 2569 1365 2642">
     <span class='ocr_line' id='line_1_59' title="bbox 165 2569 1365 2606; baseline -0.003 -8"><span class='ocrx_word' id='word_1_658' title='bbox 165 2573 221 2605; x_wconf 61' lang='lat'>(45)</span> <span class='ocrx_word' id='word_1_659' title='bbox 240 2573 328 2600; x_wconf 75' lang='grc' dir='ltr'>(Σιιι-ηι.</span> <span class='ocrx_word' id='word_1_660' title='bbox 344 2574 375 2599; x_wconf 76' lang='lat' dir='ltr'>tle</span> <span class='ocrx_word' id='word_1_661' title='bbox 391 2574 441 2599; x_wconf 78' lang='lat' dir='ltr'>vita</span> <span class='ocrx_word' id='word_1_662' title='bbox 456 2581 514 2604; x_wconf 65' lang='lat' dir='ltr'>suu,</span> <span class='ocrx_word' id='word_1_663' title='bbox 529 2580 597 2599; x_wconf 81' lang='lat' dir='ltr'>vers.</span> <span class='ocrx_word' id='word_1_664' title='bbox 616 2573 676 2599; x_wconf 70' lang='lat'>1581</span> <span class='ocrx_word' id='word_1_665' title='bbox 695 2572 728 2606; x_wconf 54' lang='lat' dir='ltr'>ct}</span> <span class='ocrx_word' id='word_1_666' title='bbox 743 2580 817 2605; x_wconf 78' lang='lat' dir='ltr'>seqq.</span> <span class='ocrx_word' id='word_1_667' title='bbox 1000 2572 1051 2605; x_wconf 64' lang='lat' dir='ltr'>ttti)</span> <span class='ocrx_word' id='word_1_668' title='bbox 1072 2572 1135 2597; x_wconf 79' lang='lat' dir='ltr'>ibid.</span> <span class='ocrx_word' id='word_1_669' title='bbox 1151 2576 1204 2597; x_wconf 89' lang='lat' dir='ltr'>not.</span> <span class='ocrx_word' id='word_1_670' title='bbox 1220 2579 1242 2601; x_wconf 76' lang='lat' dir='ltr'>e,</span> <span class='ocrx_word' id='word_1_671' title='bbox 1260 2578 1285 2603; x_wconf 89' lang='lat' dir='ltr'>p.</span> <span class='ocrx_word' id='word_1_672' title='bbox 1304 2569 1365 2596; x_wconf 62' lang='lat' dir='ltr'>tta.</span> 
     </span>
     <span class='ocr_line' id='line_1_60' title="bbox 164 2607 578 2642; baseline 0 -9"><span class='ocrx_word' id='word_1_673' title='bbox 164 2610 219 2642; x_wconf 67' lang='lat'>(44)</span> <span class='ocrx_word' id='word_1_674' title='bbox 240 2610 255 2635; x_wconf 69' lang='lat' dir='ltr'>t&gt;</span> <span class='ocrx_word' id='word_1_675' title='bbox 269 2608 329 2635; x_wconf 80' lang='lat' dir='ltr'>Maii</span> <span class='ocrx_word' id='word_1_676' title='bbox 356 2613 410 2635; x_wconf 87' lang='lat' dir='ltr'>not.</span> <span class='ocrx_word' id='word_1_677' title='bbox 431 2607 456 2639; x_wconf 83' lang='lat' dir='ltr'>d,</span> <span class='ocrx_word' id='word_1_678' title='bbox 477 2616 502 2641; x_wconf 87' lang='lat' dir='ltr'>p.</span> <span class='ocrx_word' id='word_1_679' title='bbox 518 2607 578 2633; x_wconf 73' lang='lat' dir='ltr'>tlt.</span> 
     </span>
    </p>
   </div>
  </div>
 </body>
</html>
