1859 2998
122 104 188 129 ¹353

116 162 201 186 oculos
225 163 374 192 injicientes,
395 170 450 188 cuni
475 171 506 188 ne
527 171 555 189 ra
573 165 672 195 quidem
684 172 738 195 qnae
753 168 811 189 anto
834 166 912 195 pedes

116 196 174 217 sunt
186 194 248 217 scire
260 195 388 224 possimus,
400 194 439 218 561
456 195 568 224 Objectio
584 196 655 220 tertia
670 204 674 219 :
691 198 725 220 Da
737 196 796 219 mihi
820 202 850 219 ex
870 203 914 220 eo-

117 225 172 247 dem
185 224 250 248 aliud
262 231 316 248 esse
328 225 427 253 Filium,
439 227 505 250 aliud
515 227 579 257 quod
591 227 667 251 Filius
681 228 779 255 nonsit,
794 230 820 250 et
831 230 912 250 tamen

117 255 230 282 eiusdem
242 262 296 278 cum
309 256 353 279 illo
364 256 516 286 substantiae,
531 258 584 281 562.
596 258 733 288 Responsio
747 265 752 280 :
769 259 800 281 Da
813 260 839 280 tu
852 265 913 287 quo-

117 292 166 315 que
179 286 238 309 mibi
254 286 333 310 Deum
345 288 429 316 alium,
451 289 545 318 Deique
560 293 680 317 naturam,
701 292 725 311 et
741 288 785 312 tibi
806 288 913 313 Trinita-

120 321 169 339 tem
180 317 252 340 aliam
274 324 329 342 cum
354 319 440 342 iisdem
460 319 600 343 nominibus
621 319 693 346 daho,
713 319 765 343 562.
781 319 840 343 Cum
855 327 913 343 vero

118 347 186 371 Deus
198 354 260 371 unus
274 349 314 377 sit,
329 349 394 373 unde
409 351 507 374 tandem
517 350 704 374 similitudinem
719 350 762 373 tibi
777 357 915 380 repraesen-

119 375 189 401 tabo?
198 378 251 401 562.
265 380 302 402 An
315 387 398 405 rursus
411 383 522 411 postulas
536 388 567 405 ex
592 382 697 404 terrenis
711 384 737 404 et
749 381 861 404 humanis
873 388 914 405 re-

118 408 165 431 bus
176 415 230 432 eam
243 409 316 434 duci?
336 411 361 434 td
374 413 474 441 quidem
497 416 584 442 turpe;
606 415 631 435 et
645 415 727 435 tamen
741 411 838 435 adnitar
857 412 914 436 hinc

119 446 218 469 quoqne
230 442 373 465 nonnullam
386 444 489 466 orationi
503 450 564 466 mea?
577 449 649 472 opem
673 443 772 469 atl'erre,
785 442 839 466 562.
864 443 914 467 Eva

119 474 145 494 et
157 471 219 494 Seth
231 478 261 495 ex
275 473 364 496 eodem
383 474 488 501 Adamo3
503 481 550 497 non
564 476 646 497 tamen
660 473 730 496 ambo
754 474 842 503 geniti,
857 474 910 497 565.

117 501 232 531 Objcctio
245 506 330 532 quarta
345 511 349 526 :
362 504 422 533 Quis
438 504 557 534 Spiritum
579 503 705 527 adoravit?
718 504 777 533 Quis
800 508 913 528 veterum

117 536 158 556 ant
170 534 307 557 recentium
318 541 375 558 eum
387 537 464 558 oravit
474 535 485 558 ἲ)
497 535 549 558 565.
571 535 708 565 Responsio
723 536 800 565 prima
817 542 821 558 :
836 536 914 565 Hujus

116 564 153 586 rei
167 564 305 594 pleniorem
318 572 414 589 causam
428 570 513 596 postea
526 566 668 592 reddemus.
682 573 736 589 cum
746 567 777 589 de
792 573 840 589 non
855 567 915 590 scri-

117 595 166 624 ptis
189 595 344 625 dogmatibus
367 597 528 624 disseremus,
553 596 606 620 563.
632 597 697 621 Vide
710 597 846 627 Scriptura.
864 597 914 621 Re-

117 625 218 654 sponsio
232 627 359 650 secunda:
374 627 482 657 Spiritus
496 628 568 651 estin
591 634 639 657 quo
663 628 802 655 adoramus,
824 631 848 652 et
869 634 914 658 per

116 662 193 685 quem
213 663 320 685 oramus,
333 657 388 681 565.
410 658 487 682 Unius
509 658 619 682 adoratio
641 659 714 682 trium
733 659 842 682 adoratio
866 661 913 688 est,

117 690 220 716 propter
229 689 349 717 :equalem
366 690 438 712 trium
452 689 616 712 Personarum
626 688 773 720 dignitatem
784 696 812 713 ac
824 689 914 713 divini-

115 719 202 745 tatem,
215 718 268 741 565.
281 719 387 748 Spiritus
405 724 503 743 sanctus
519 720 608 750 quibus
620 720 651 743 (le
674 721 754 744 causis
766 720 912 749 adorandus,

115 747 169 771 574.
184 748 312 777 Heriliter,
327 757 373 773 non
386 752 511 774 serviliter
523 751 592 774 adest
604 752 736 781 invocanti,
750 751 805 774 755.
819 750 912 781 Spiritu

115 779 217 802 adorare
230 783 255 803 et
265 786 335 804 orare
346 782 404 810 quid
418 782 458 809 sit,
472 782 525 805 565.

147 809 255 843 Spiritus
269 812 443 841 prophetarum
471 812 534 836 Vide
546 813 677 842 Propheta.

147 840 255 870 Spiritus
267 843 349 865 vitalis
368 844 432 866 unde.
446 848 571 873 acceptus,
585 844 639 867 554.

146 870 253 905 Spiritus
274 873 353 897 vitiosi
370 877 464 904 septem
474 893 479 903 ,
492 875 545 897 6⁸3.
561 876 612 903 Qua
626 875 720 898 ratione
735 875 867 898 curandum
881 882 912 899 ne

115 903 200 936 majori
213 910 284 932 quam
297 903 365 933 prius
377 909 494 935 apparatu
509 906 615 929 animam
631 909 762 935 occupent,
776 906 830 929 585.
856 906 913 936 Spi-

114 936 178 956 ritus
190 934 329 958 immundus
342 954 347 964 ‚
362 942 416 959 cum
429 936 464 965 {ab
483 936 582 960 bomine
596 937 704 966 exierit,
718 936 807 967 quibus
819 937 912 962 artibus

114 964 197 987 redire
211 966 352 994 contendat,
367 966 420 990 719.
437 967 501 991 Vide
516 967 641 991 Parabola.

147 995 257 1025 Sponsus
280 996 408 1025 Ecclesiae,
430 998 548 1026 Christus,
559 998 613 1021 729,
641 998 672 1022 Ut
694 999 833 1022 versabitur
858 1005 912 1023 cuin

116 1026 280 1054 prudentibus
291 1028 419 1052 animabus
428 1047 433 1056 ,
445 1036 499 1059 quze
509 1030 533 1052 in
546 1029 685 1053 cubiculum
701 1030 754 1059 ejus
767 1030 913 1054 introductae

115 1055 215 1085 suerint,
227 1058 280 1081 729.
293 1059 352 1083 Cum
373 1060 453 1083 aderit
475 1061 527 1086 ille.
543 1064 569 1083 et
582 1063 608 1083 ut
621 1061 643 1083 ei
658 1061 805 1090 procedatur
816 1062 910 1091 exiget,

114 1093 187 1141 qllf'im
201 1089 277 1112 tristis
292 1092 317 1113 et
330 1091 420 1114 misera
433 1091 559 1114 calamitas
573 1091 757 1121 imprudentum
767 1092 910 1115 animarum!

130 1126 143 1141 ο
163 1137 168 1142 .

145 1149 239 1173 Statuae
262 1151 454 1181 propinquorum
467 1171 472 1178 .
501 1159 575 1176 unum
600 1159 630 1175 et(
660 1153 745 1182 primis
766 1152 912 1177 idololatria}

115 1182 253 1210 principiis,
267 1182 321 1205 506.
346 1183 437 1206 Statu:e
458 1184 560 1207 deorum
583 1183 623 1206 vel
649 1183 827 1207 daemoniorum
850 1185 912 1208 ads-o

115 1212 293 1241 magnilicae,ut
310 1215 419 1243 pretium
433 1215 512 1244 ipsum
525 1215 590 1242 vulgi
605 1215 698 1237 animos
711 1215 844 1242 inescaret,
857 1215 910 1239 507.

114 1242 744 1274 =S‘tzituaelilaiiiminiimperatorisobChristianornm
759 1247 911 1275 perseeutio-

115 1279 181 1326 ?em,
195 1275 324 1328 '‘gig'fflae'
338 1275 390 1299 129.
408 1276 508 1300 Statuas
531 1276 560 1299 ab
585 1276 670 1300 umbra
692 1277 792 1300 laudare
810 1283 912 1307 proter-

124 1310 192 1331 num,
222 1310 234 1327 2
254 1319 260 1325 .

146 1334 239 1362 Stella,
252 1335 375 1366 Magorum
389 1337 437 1361 dux
450 1356 455 1365 ,
476 1337 505 1361 ab
518 1341 572 1361 ortu
587 1338 611 1360 in
635 1337 764 1361 Bethleem
789 1340 910 1368 cucurrit,

115 1369 140 1387 et
151 1365 240 1389 Christi
254 1369 410 1395 praesentiam
424 1368 550 1395 indicavit,
566 1368 619 1392 150.
642 1369 702 1397 Quis
720 1370 806 1392 stellas
824 1371 910 1394 ortline

115 1396 262 1421 collocavit?
279 1398 327 1421 lino
340 1399 398 1429 quid
409 1398 504 1423 stettae‘?
515 1398 569 1422 519.

146 1426 286 1458 Stephanus
298 1434 391 1457 martyr
404 1431 492 1461 ,majus
503 1430 595 1460 aliquid
607 1433 686 1454 morte
699 1431 796 1455 Christo
810 1432 909 1459 obtulit,

115 1463 205 1487 nempe
228 1459 449 1489 longanimitatem,
463 1461 517 1484 546.
541 1462 589 1484 t‘ro
611 1462 641 1485 iis
656 1469 669 1485 a
690 1461 779 1492 quibus
790 1462 911 1492 lapidatur

115 1495 203 1517 preces
215 1489 302 1518 sun-iit,
317 1492 370 1514 258.
389 1492 529 1521 Stephanus
540 1492 592 1515 lieri
606 1492 711 1516 Basilius
726 1493 827 1524 Magnus
839 1500 911 1518 reve-

116 1521 195 1543 rentia
208 1520 345 1550 prohibitus
357 1526 403 1550 est,
416 1529 463 1553 qua
478 1524 583 1550 ratione,
594 1523 647 1547 829.

146 1550 247 1585 Stercus
268 1552 381 1576 ficulneae
402 1554 481 1577 sterili
499 1553 674 1581 adhibendum,
688 1555 711 1578 id
723 1557 770 1584 est,
784 1555 909 1584 lacrymas,

115 1585 230 1610 gemitus.
246 1589 342 1613 preces,
356 1584 456 1612 vigilise,
468 1587 515 1608 etc.
528 1584 582 1607 696.

146 1611 253 1636 Steritis.
278 1614 366 1638 Sermo
378 1616 403 1638 in
419 1618 509 1639 terram
523 1616 635 1639 sterilem
647 1616 770 1646 incidens,
783 1617 835 1646 ipse
849 1623 910 1646 quo-

114 1648 163 1666 oue
175 1644 268 1667 sterilis
282 1648 329 1673 est,
344 1645 398 1669 496.

146 1673 280 1699 Sterilitas.
302 1676 386 1699 Terrae
405 1676 545 1700 sterilitatis
566 1676 636 1706 plaga
658 1683 782 1706 percussae
800 1677 909 1700 luctuosa

115 1704 257 1734 descriptio,
265 1706 318 1730 303.
328 1707 404 1735 Onam
417 1708 477 1730 levis
486 1707 538 1730 haec
549 1707 685 1737 castigatio,
694 1709 717 1730 in
730 1711 909 1738 comparatione

114 1735 233 1759 malorum
246 1743 301 1765 quae
311 1738 399 1767 impios
409 1740 517 1765 manent,
531 1737 583 1760 504.

145 1767 309 1796 Stipendium,
323 1769 381 1798 quid
393 1768 433 1795 sit,
447 1768 500 1791 569.

148 1796 233 1821 Stoici.
267 1798 330 1827 Ouid
357 1799 482 1823 sulianum
510 1800 685 1829 imperatorem
708 1800 855 1828 docuerint,
869 1799 907 1823 06.

117 1827 255 1851 Stoicorum
267 1831 436 1859 supercilium.
452 1830 503 1853 495.

145 1858 299 1889 ¹<tratagema
311 1861 513 1890 persecutoribus
524 1860 641 1884 Ecclesiae
653 1860 780 1889 familiare,
794 1861 847 1884 106.

145 1888 259 1914 Studium
272 1897 381 1921 praeceps
394 1892 422 1915 ad
434 1892 569 1915 docendum
583 1894 608 1915 et
619 1891 908 1921 regendum,cuisirnile,

114 1919 159 1973 ‘⁴323
178 1921 246 1950 Quod
263 1922 387 1946 difficilius
403 1925 568 1953 expugnatur,
582 1923 666 1953 maiori
679 1923 760 1946 studio
773 1923 908 1953 appetitur,

146 1981 258 2006 Stultitia
274 1984 346 2007 unius
359 1984 443 2007 multis
456 1983 591 2014 pericnlum
605 1985 716 2011 accersit,
729 1983 783 2007 888.

146 2012 253 2037 Stultum
268 2015 291 2037 in
303 2014 408 2038 sublime
419 2015 498 2038 attolli
522 2018 545 2037 et
560 2015 709 2044 prudentem
723 2014 828 2044 deprimi
843 2033 848 2042 ,
863 2016 909 2038 im-

114 2043 245 2072 probitatis
257 2052 317 2074 opns
330 2048 381 2074 est,
395 2046 449 2068 888.
475 2045 611 2068 Stultorum
627 2046 797 2075 cogitationes,
813 2045 909 2069 fraudes

115 2076 140 2096 et
153 2074 306 2104 imposturze,
319 2076 373 2100 887.
387 2076 450 2099 Vera
464 2082 549 2098 eorum
564 2076 668 2105 cingis-z,
680 2076 735 2099 888.

146 2104 257 2129 Snbditis
268 2109 381 2136 tanquam
393 2107 518 2130 conservis
534 2107 716 2135 imperandum,
728 2107 781 2129 514.

146 2135 272 2159 Sublimes
284 2141 309 2160 et
322 2137 415 2160 excelsi
429 2138 503 2160 creati
518 2143 611 2163 sumus,
623 2137 676 2160 567.

146 2165 297 2190 Substantise
315 2167 388 2191 unius
401 2167 544 2191 vocabulum
563 2168 586 2190 in
603 2167 736 2197 Scripturis
753 2170 906 2197 contentum,

115 2194 168 2218 898Δ
185 2197 249 2221 Viae
262 2197 354 2226 Ariani,
369 2198 486 2221 Essentia.

147 2226 315 2252 Snbterranea
329 2228 451 2255 vaticinia,
465 2228 518 2251 679.

115 2257 278 2311 Wgut-cessio
307 2260 454 2289 episcopalis
477 2265 588 2289 quaenam
621 2260 720 2290 proprie
746 2260 886 2283 <estimanda
901 2278 906 2289 ,

148 2319 276 2350 Suffragia.
301 2320 450 2344 Athanasius
468 2319 542 2344 totius
561 2321 642 2350 populi
655 2319 778 2351 suin-agiis
791 2320 820 2344 ad
834 2320 907 2345 Marci

116 2349 231 2373 thronum
244 2350 367 2379 evehitur,
378 2350 432 2374 390.

146 2380 307 2405 Sunamitidis
318 2382 383 2405 fitius
396 2382 452 2405 vitae
463 2382 582 2410 redditus,
599 2382 652 2405 754.
669 2381 751 2406 Elisari
771 2383 907 2407 innexione

116 2412 256 2439 suscitatus,
270 2412 323 2435 734.

147 2442 314 2471 Super-cilium
326 2442 475 2469 Stoicorum.
489 2442 541 2466 405.

147 2472 286 2502 Superssna,
300 2474 370 2503 cujus
381 2473 439 2503 sint,
450 2474 501 2496 570.

116 2502 253 2557 Ἔξιινςὶιε,
277 2503 389 2528 abeamus
408 2504 471 2529 liinc.
495 2503 554 2533 Quis
569 2510 653 2527 eorum
667 2504 796 2529 verborum
810 2511 906 2533 sensus,

115 2546 128 2556 ..
163 2552 168 2557 .

146 2565 266 2593 Susanna,
279 2566 364 2589 mortis
379 2566 490 2596 periculo
504 2564 615 2594 liberata,
629 2567 653 2589 et
665 2572 677 2589 a
689 2566 758 2589 saevis
769 2566 908 2591 senioribus

114 2598 220 2623 servata,
234 2596 288 2619 ⁴⁴5.

147 2626 279 2654 Suspicari.
303 2626 324 2649 ls
342 2626 524 2657 improbitatem
536 2633 584 2650 non
599 2627 744 2656 suspicatur,
767 2628 835 2657 cujus
856 2627 908 2652 ani-

115 2662 169 2678 mus
182 2657 211 2679 ab
226 2656 384 2685 improbitate
397 2657 460 2680 liber
471 2664 498 2681 ac
512 2664 589 2687 purus
601 2660 648 2684 est,
659 2657 699 2686 94,
711 2657 765 2680 2t9.

149 2686 271 2716 Suspicio.
291 2687 350 2710 Cum
361 2687 469 2717 suspicio
481 2689 533 2712 sola
544 2689 651 2711 animum
665 2690 774 2711 nostruin
787 2689 851 2713 male
863 2689 908 2714 ha-

116 2715 168 2743 bet,
180 2717 285 2740 lenitate
299 2720 380 2747 potius
393 2725 465 2748 quam
476 2719 607 2742 celeritate
619 2719 748 2748 utendum,
764 2718 815 2742 192,

148 2756 305 2787 Sycomorus,
318 2760 376 2788 quid
389 2759 521 2789 significet,
533 2760 587 2783 682.

149 2797 312 2827 Sycophantm,
340 2799 470 2827 haeretiei,
494 2800 548 2823 8⁶53.
584 2800 792 2831 sycophantarum
815 2806 909 2831 genera

119 2828 184 2851 inter
194 2828 304 2852 homines
315 2831 457 2858 grassantia,
468 2830 521 2853 879.

150 2868 262 2896 Syllabas
275 2872 419 2893 consectari.
438 2870 500 2895 Vide
512 2871 612 2895 littera.
624 2872 733 2896 Judmus.

781 106 883 133 tNthx
906 105 1134 133 ANALYTtCt's.

1693 111 1704 137 1
1712 112 1762 139 556

983 165 1164 200 *Symbamatffi
1178 166 1360 196 propositiones
1373 173 1428 197 quae
1446 174 1545 192 sensum
1564 169 1688 200 integrum
1711 172 1761 195 etil-

967 200 1044 224 ciunt,
1059 197 1104 220 458

968 227 1068 281 55'gyria
1088 236 1101 252 a
1119 228 1238 259 Gregorio
1251 225 1426 254 Alex‘aisdrinae
1445 228 1512 254 sedis
1530 231 1643 255 invasore
1662 235 1762 263 vastata,

997 350 1101 374 Tabeel.
1114 351 1214 380 Lucius,
1224 351 1400 377 Alexandrinae
1411 352 1477 377 sedis
1488 354 1594 382 invasor,
1607 354 1652 378 hoc
1663 355 1761 379 nomine

966 388 978 405 a
992 381 1114 411 Gregorio
1125 383 1276 413 designatus,
1292 383 1344 407 465.

997 412 1193 436 'sabernaculum
1208 414 1263 441 Dei,
1276 413 1396 442 Ecclesia,
1407 413 1460 437 568.
1474 414 1670 439 Tabernaculum
1681 423 1762 440 sacro-

965 446 1085 470 sanctum,
1100 445 1164 473 quod
1177 445 1231 467 lixit
1244 444 1363 468 Dominus
1375 448 1401 468 et
1413 452 1460 468 non
1473 445 1554 473 homo,
1568 446 1622 469 826.
1635 446 1762 471 Taberna-

965 474 1046 497 culum
1063 474 1159 503 Moysis,
1172 476 1246 498 totius
1255 475 1339 498 mnndi
1352 476 1427 505 figura
1440 478 1465 499 et
1477 477 1566 506 imago,
1584 476 1637 500 521.
1659 477 1695 500 Ad
1710 484 1761 501 coe·

966 505 1066 528 lestium
1078 506 1206 535 exemplar
1217 509 1400 534 constructum,
1411 506 1465 530 568.
1488 507 1575 530 Adhuc
1586 507 1723 538 paululum,
1735 512 1761 533 et

966 535 1012 559 hoc
1026 535 1211 559 tabernaculum
1225 537 1345 567 (corporis
1356 536 1444 563 nostri)
1458 537 1606 561 dissolvetur
1632 538 1686 561 524.

997 566 1095 594 TactuS,
1108 570 1170 590 utet
1182 574 1229 597 qua
1241 568 1272 591 de
1284 574 1355 591 causa
1367 568 1519 598 purgandus,
1530 568 1586 591 722.

997 597 1137 620 Talentum.
1161 597 1214 621 Non
1239 599 1360 622 talentum
1381 599 1469 626 solum,
1488 599 1532 622 sed
1549 599 1636 622 talenti
1651 602 1760 629 quaestus

966 628 1112 657 requiritur,
1125 628 1178 652 474.
1202 629 1362 652 Talentornm
1377 629 1510 652 multorum
1520 629 1618 653 debitor
1634 630 1660 653 in
1683 630 1760 653 Evan-

966 659 1043 688 genn,
1056 658 1140 682 debito
1150 659 1280 688 liberatus,
1295 659 1348 683 5:³4.
1377 659 1441 687 Non,
1454 662 1481 683 ut
1493 660 1516 683 ei
1528 661 1657 684 remissum
1670 660 1759 689 fuerat,

965 690 1018 718 ipse
1030 690 1145 716 remittit,
1158 690 1211 713 5:24.
1232 690 1291 714 Eam
1309 690 1340 714 ob
1359 696 1457 713 causam
1473 690 1593 714 Dominus
1604 692 1638 715 ira
1652 697 1760 714 commo-

966 723 1047 747 vetur,
1061 719 1114 743 3⁶24.
1137 719 1256 750 Gregorio
1277 720 1453 750 exprobratum
1469 724 1508 744 est
1525 722 1590 751 quod
1602 723 1721 745 talentum
1733 723 1758 745 in

967 752 1032 773 terra
1046 750 1186 778 defoderet,
1198 758 1284 781 quare,
1298 751 1352 774 580.
1373 751 1506 776 Talentum
1517 752 1542 776 in
1558 755 1622 776 terra
1634 752 1759 778 defossum

967 781 1045 804 latere
1058 788 1105 804 non
1119 781 1210 811 patitur
1222 782 1335 810 Basilius,
1347 782 1401 805 240.

997 812 1093 835 Taneos
1104 813 1236 842 principes,
1249 813 1328 840 stulti,
1341 813 1378 836 41.

996 842 1114 866 Tantalus
1136 843 1255 873 Pelopem
1277 844 1355 867 titium
1375 843 1422 867 diis
1442 845 1467 867 in
1487 843 1569 868 cibum
1581 845 1691 874 apponit,
1703 843 1757 868 679.

965 873 1060 897 Tantali
1074 874 1205 902 cruciatus,
1220 874 1269 898 175.

996 904 1178 932 Tauricremus,
1201 911 1291 928 nornen
1312 905 1411 929 Juliano
1431 905 1556 936 Apostatae
1579 905 1691 932 inditum,
1703 904 1757 930 115.

996 935 1092 958 Taurus
1114 936 1229 966 petulans
1250 937 1316 959 inter
1339 936 1430 966 sidera,
1451 936 1510 966 quid
1531 937 1556 960 in
1577 937 1757 966 comparatione

966 967 1047 990 crucis
1058 967 1084 989 in
1097 967 1160 989 ctelo
1173 966 1299 996 fulgentis,
1317 966 1367 989 1:¹50.

996 997 1069 1020 Tauri
1082 998 1175 1026 populi,
1189 997 1299 1027 hospites
1312 997 1465 1027 occidebant,
1477 997 1529 1022 100.
1541 997 1658 1028 Hospites
1669 1003 1757 1021 necare

965 1027 1031 1057 pium
1043 1028 1182 1055 habebant,
1196 1027 1247 1051 154.

995 1058 1092 1082 Taurici
1115 1059 1210 1082 reditus
1232 1059 1374 1082 Anthimum
1411 1059 1553 1089 Tyanorum
1570 1058 1717 1089 Episcopum
1732 1060 1757 1082 in

966 1088 1072 1112 furorem
1084 1093 1168 1119 agunt.
1179 1096 1263 1119 quare,
1271 1090 1325 1113 814.

968 1120 1105 1173 t'Tfflmae
1116 1120 1206 1144 diaboli
1214 1120 1242 1144 ab
1251 1120 1377 1144 animabus
1386 1120 1454 1150 puris
1466 1120 1573 1144 celerius
1585 1120 1756 1150 deprehensae,

965 1164 968 1168 ι
983 1151 1018 1174 45.

995 1181 1135 1211 Telchines,
1150 1182 1173 1205 id
1194 1184 1240 1209 est,
1262 1182 1461 1212 praestigiatores,
1484 1181 1536 1204 152.
1562 1180 1607 1210 Qui
1622 1182 1688 1211 pravi
1698 1181 1757 1205 Tel-

967 1212 1056 1235 chines
1068 1213 1166 1236 „iuliano
1178 1212 1302 1242 Apostatze
1317 1213 1340 1236 in
1355 1215 1464 1236 mentem
1475 1212 1644 1241 induxerunt,
1658 1215 1686 1236 ut
1703 1218 1757 1235 ser-

964 1249 1051 1266 mones
1063 1243 1210 1268 Christianis
1223 1244 1342 1273 eriperet,
1359 1243 1409 1266 152.

994 1274 1145 1304 Telmessus,
1159 1274 1217 1298 urbs
1231 1274 1311 1303 Lyciae
1326 1281 1330 1297 :
1346 1275 1433 1298 incolae
1445 1274 1512 1304 ejus,
1525 1273 1682 1297 divinationis
1700 1280 1756 1304 quae

963 1306 987 1328 in
999 1304 1102 1328 somniis
1113 1306 1158 1328 sita
1172 1309 1219 1332 est,
1232 1305 1385 1331 inventores,
1398 1305 1452 1328 157.

993 1335 1142 1363 Temeritas,
1167 1335 1298 1365 imperitire
1319 1342 1411 1364 comes,
1424 1335 1463 1358 52.
1482 1334 1587 1358 inscitiae
1605 1334 1679 1363 setus,
1701 1334 1755 1358 581.

994 1366 1153 1396 Temperatio
1166 1367 1305 1389 admiranda
1320 1367 1343 1389 in
1358 1365 1529 1389 incarnatione
1543 1365 1630 1392 Verbi,
1645 1364 1699 1389 671.

993 1396 1140 1427 Tempestas
1153 1398 1177 1420 in
1192 1397 1371 1426 tranquillitate
1383 1397 1522 1427 cogitanda,
1537 1396 1590 1419 521.
1609 1396 1756 1426 Tempestas

963 1431 1047 1451 exorta
1059 1434 1113 1451 cum
1128 1428 1262 1457 Gregorius
1277 1428 1413 1457 navigaret,
1425 1427 1479 1450 552.

993 1458 1123 1488 Templum
1137 1459 1244 1487 Spiritus
1255 1459 1331 1482 sancti
1348 1457 1467 1485 dicimur:
1491 1458 1547 1481 hinc
1570 1458 1638 1481 Dens
1650 1458 1756 1487 Spiritus

962 1493 1070 1516 sanctus,
1082 1489 1137 1513 625.
1149 1490 1279 1519 Templum
1291 1490 1372 1512 virum
1390 1489 1436 1512 Dei
1450 1489 1498 1511 vivi
1512 1494 1567 1511 esse
1580 1488 1655 1512 debet
1669 1490 1710 1518 qui
1725 1489 1755 1511 ad

962 1521 1105 1544 sacrificium
1118 1521 1202 1544 altaris
1214 1520 1325 1547 accedit,
1340 1519 1378 1543 57.
1404 1520 1431 1542 ln
1443 1519 1561 1549 templum
1586 1519 1630 1542 Dei
1648 1519 1756 1542 art-hite-

961 1550 1056 1574 ctonica
1068 1551 1174 1580 Spiritus
1187 1552 1263 1574 sancti
1275 1552 1328 1573 arte
1335 1550 1500 1573 construimur
1511 1552 1536 1573 et
1546 1553 1754 1579 coagmentamur,

962 1582 1017 1605 568.
1034 1582 1163 1611 Templum
1176 1581 1273 1610 ingredi
1286 1582 1399 1610 cuiquam
1412 1580 1518 1603 liberum
1531 1586 1579 1603 non
1589 1583 1651 1607 erat.
1666 1581 1713 1603 nisi
1727 1584 1753 1604 et

961 1613 1042 1635 animo
1054 1614 1080 1635 et
1091 1618 1194 1640 corpore
1209 1618 1284 1641 purus
1297 1614 1372 1640 esset,
1386 1611 1422 1634 56.
1439 1611 1535 1640 Templi
1550 1611 1751 1638 Jerosolymitani

962 1643 1071 1671 parietes
1083 1643 1229 1671 contingere
1248 1642 1393 1671 promiscuae
1411 1641 1563 1664 multitudini
1583 1648 1631 1664 non
1652 1640 1753 1669 licebat,

961 1673 1014 1696 577.
1027 1671 1126 1702 Templi
1138 1673 1339 1701 jerosolymitani
1352 1671 1497 1695 instauratio
1508 1679 1521 1695 a
1532 1672 1624 1696 iudaeis
1634 1691 1639 1700 ,
1654 1672 1699 1695 sub
1712 1673 1755 1695 -lu-

961 1704 1026 1727 liano
1047 1704 1207 1732 imperatore,
1227 1706 1350 1732 suscepta,
1372 1702 1462 1732 quibus
1480 1703 1604 1726 miraculis
1621 1702 1753 1733 prohibita,

960 1731 1015 1757 150.
1033 1733 1096 1757 Vide
1108 1733 1195 1757 ludaei.
1220 1734 1349 1763 Templum
1360 1733 1605 1763 ierosolymitanum,
1617 1733 1637 1756 si
1650 1733 1754 1762 quibus-

961 1764 1016 1787 dam
1030 1765 1091 1787 tides
1103 1768 1150 1791 est,
1171 1771 1256 1787 rursus
1276 1764 1461 1791 exstruendum,
1483 1767 1510 1787 et
1525 1763 1598 1786 sedes
1611 1763 1755 1787 Antichristi

961 1796 1078 1824 futurum,
1086 1795 1140 1818 872.
1148 1795 1279 1824 Templum
1290 1802 1301 1818 a
1315 1795 1435 1824 Gregorio
1445 1797 1515 1824 patre
1526 1793 1634 1817 Nazianzi
1655 1797 1755 1817 exstru-

961 1828 1037 1852 ctum,
1050 1826 1072 1848 5'.
1095 1826 1155 1855 Ejus
1171 1825 1315 1856 descriptio,
1334 1825 1387 1849 559.
1402 1825 1503 1855 Templa
1517 1830 1605 1848 cruore
1617 1828 1755 1848 sanctorum

961 1856 990 1879 ab
1003 1856 1099 1880 Arianis
1125 1857 1297 1885 contaminata,
1310 1859 1336 1879 et
1358 1855 1383 1879 in
1405 1856 1517 1885 sepulcra
1541 1856 1677 1882 immutata,
1699 1855 1753 1878 764.

961 1887 1145 1917 Tenipuraliter
1156 1887 1230 1914 dieta,
1242 1888 1341 1910 inversa
1352 1889 1491 1917 temporum
1514 1887 1608 1909 ratione
1621 1886 1754 1916 Scripturae

961 1925 1006 1941 usu
1019 1918 1123 1948 prolata,
1138 1917 1191 1941 526.

992 1953 1110 1983 Tempus.
1122 1953 1183 1976 solis
1195 1955 1261 1977 motu
1273 1953 1403 1976 delinitum
1413 1970 1419 1979 ,
1431 1951 1486 1975 828.
1514 1950 1591 1974 Suum
1604 1952 1694 1981 cuique
1709 1957 1754 1975 ne-

961 1985 1029 2014 gotio
1041 1984 1191 2007 destinatum
1204 1987 1242 2007 est
1255 1987 1362 2013 tenipus,
1376 1982 1430 2006 490.
1456 1982 1566 2011 Tempus
1581 1989 1653 2005 omne
1666 1982 1695 2005 ad
1708 1988 1754 2005 ex-

962 2016 1098 2045 petentum
1119 2014 1267 2044 baptismum
1291 2014 1417 2041 idoneum,
1430 2012 1486 2036 700.
1509 2013 1602 2036 Salutis
1626 2013 1753 2043 negotium

960 2045 1049 2075 agendi
1064 2052 1163 2075 semper
1175 2048 1272 2074 tempus
1284 2045 1363 2072 adest,
1376 2043 1430 2067 700.
1445 2043 1550 2073 Reliqua
1565 2044 1645 2076 omnia
1656 2046 1754 2072 tempo-

960 2082 987 2099 re
1000 2083 1045 2099 suo
1057 2076 1174 2101 facienda.
1187 2075 1241 2098 700.
1268 2076 1326 2099 Ecce
1344 2080 1406 2098 minc
1417 2076 1509 2103 tempus
1522 2072 1667 2104 acceptabile
1684 2079 1692 2097 :
1708 2074 1754 2097 boc

961 2108 984 2130 iu
999 2108 1052 2130 loco
1066 2107 1186 2136 particula
1197 2108 1363 2135 nuncteinpus
1372 2111 1444 2128 omne
1455 2104 1637 2134 designatsot).
1646 2104 1754 2138 Tempus

960 2138 1005 2160 hoc
1027 2137 1100 2160 rebus
1116 2137 1222 2160 maxime
1241 2136 1372 2159 contrariis
1388 2136 1490 2165 plenum
1503 2137 1555 2163 esu
1568 2134 1632 2164 quod
1663 2138 1752 2169 artium

961 2168 1151 2191 enumeratione
1164 2167 1312 2194 declaratur,
1327 2166 1380 2189 878.
1395 2166 1504 2195 Tempus
1514 2171 1631 2195 praesens,
1657 2164 1750 2192 abaris:

960 2198 1077 2227 futurum,
1092 2197 1248 2228 prsetniornin
1262 2200 1309 2225 est,
1322 2196 1380 2220 567.
1398 2196 1527 2226 Temporis
1538 2195 1711 2219 commoditate
1723 2195 1753 2219 ad

959 2232 1082 2259 quaestum
1095 2231 1201 2255 utamur,
1214 2228 1287 2251 fluxis
1305 2229 1331 2250 ct
1351 2226 1481 2256 fragilibus
1494 2228 1585 2250 :eterna
1599 2229 1752 2260 coement-es,

959 2260 1014 2283 524.
1036 2260 1123 2283 Totius
1146 2259 1277 2289 temporis,
1300 2258 1412 2287 adeoque
1427 2257 1565 2280 tenuissimi
1578 2259 1603 2279 et
1615 2256 1754 2280 brevisfflml

959 2291 1078 2320 cujusque
1090 2291 1156 2313 norm
1168 2289 1287 2312 momenti
1300 2289 1361 2312 ratio
1373 2296 1386 2312 a
1396 2287 1466 2311 nobis
1477 2286 1669 2317 exigenda,474.
1679 2287 1753 2310 Tem-

960 2327 1045 2350 porum
1077 2321 1235 2344 difficultates
1262 2326 1310 2342 non
1338 2319 1496 2342 observandae
1523 2317 1553 2341 ad
1582 2317 1753 2347 comparandas

960 2358 1031 2381 opes,
1044 2351 1098 2375 515.
1114 2351 1138 2374 hl
1151 2351 1218 2374 enim
1229 2350 1369 2379 iniquorum
1381 2355 1408 2373 ac
1417 2350 1595 2372 sceleratorum
1608 2350 1655 2376 est,
1666 2347 1721 2371 315.

989 2385 1112 2410 Tenebrae
1132 2385 1284 2412 meridiana-2,
1306 2384 1375 2414 quid.
1387 2383 1440 2407 721.
1463 2382 1584 2407 Tenebrae
1623 2381 1752 2412 alpabiles,

960 2423 1024 2440 nona
1047 2417 1216 2446 AEgyptiorum
1239 2416 1319 2445 plaga,
1338 2414 1390 2438 749.
1413 2414 1535 2437 Tenobrae
1557 2419 1602 2436 ocu
1615 2413 1637 2436 is
1658 2413 1749 2436 nostris

960 2447 1068 2477 undique
1079 2447 1173 2473 offusae,
1186 2446 1232 2470 Dei
1245 2445 1374 2469 latibulum
1386 2448 1453 2474 sunt,
1464 2443 1520 2468 520.
1535 2443 1617 2468 Animi
1630 2443 1748 2474 improbi.-

960 2480 996 2501 tas
1009 2477 1097 2501 rationi
1111 2477 1226 2501 tenebras
1237 2475 1351 2501 offundit,
1366 2475 1420 2498 426.

989 2508 1113 2532 Tentatio.
1139 2507 1231 2531 Eorum
1254 2507 1296 2536 qui
1319 2506 1455 2529 tentatione
1471 2505 1600 2534 pulsantur
1618 2511 1697 2534 genus
1709 2504 1751 2528 du-

959 2539 1016 2568 plex
1030 2557 1036 2567 ‚
1049 2539 1102 2561 478.
1128 2538 1179 2562 Alii
1193 2544 1225 2561 nc
1241 2536 1364 2560 tantillum
1377 2536 1478 2566 quidem
1495 2542 1578 2559 rerum
1594 2536 1751 2558 adversarum

959 2570 1079 2599 impetum
1098 2569 1241 2595 sustincnt;
1266 2567 1308 2590 alii
1327 2569 1406 2596 petrae
1429 2566 1505 2589 instar
1526 2568 1593 2594 sunt,
1608 2565 1660 2588 478.
1675 2565 1751 2589 Just-is

960 2606 1017 2623 raro
1031 2600 1152 2628 contingit
1164 2599 1189 2623 in
1201 2598 1364 2622 tentationem
1374 2595 1445 2624 tradi,
1456 2598 1483 2619 ut
1491 2598 1641 2620 tentatorem
1649 2596 1751 2625 ignomi-

959 2629 999 2654 nia
1010 2630 1089 2660 palam
1102 2629 1260 2660 perfundant,
1271 2627 1310 2651 84.
1334 2627 1499 2651 Tentationes
1510 2626 1600 2651 diaboli
1609 2644 1615 2655 ,
1629 2628 1656 2649 ut
1667 2626 1752 2656 repel-

959 2661 1049 2687 lendae.
1061 2660 1116 2684 697,

989 2691 1111 2714 Tentator
1121 2689 1235 2714 diabolus
1249 2707 1255 2718 ,
1270 2693 1342 2718 quam
1355 2688 1478 2718 pugnandi
1493 2688 1614 2711 rationem
1633 2686 1751 2710 adhibeat.

959 2721 1013 2745 697.
1039 2721 1217 2751 Scripturarum
1229 2720 1324 2750 peritus
1337 2721 1384 2747 cst,
1399 2722 1425 2742 et
1435 2719 1488 2742 vitii
1499 2717 1618 2748 sophista,
1639 2717 1692 2740 697.
1713 2715 1751 2749 *Ut

963 2753 1150 2776 conversionem
1163 2751 1256 2774 ‹litl‘erri
1272 2750 1377 2776 suadet,
1392 2752 1419 2772 et
1437 2749 1517 2779 parvis
1534 2747 1691 2781 dilationibus
1712 2752 1750 2781 111-

962 2786 1046 2806 cautos
1057 2782 1158 2811 deripit.
1172 2782 1226 2804 700.
1248 2780 1307 2805 Cum
1326 2782 1412 2809 aperto
1426 2782 1503 2803 marte
1516 2779 1576 2802 nihil
1591 2779 1694 2808 prolicit,
1713 2783 1751 2811 in-

961 2813 1035 2837 sidias
1047 2813 1150 2836 obscure
1165 2812 1254 2839 tendit,
1267 2810 1320 2833 702.
1345 2809 1444 2833 Nullum
1456 2809 1585 2834 insidiandi
1597 2809 1673 2832 tinem
1685 2807 1750 2836 rat-it,

964 2843 1018 2867 702.
1034 2843 1085 2871 Qua
1096 2844 1191 2866 ratione
1210 2840 1398 2872 propulsandus,
1411 2841 1464 2864 702.
1706 2868 1709 2872 Ι

995 2873 1084 2902 Terra,
1101 2874 1236 2897 communis
1249 2870 1356 2896 omnium
1370 2877 1469 2901 parens,
1485 2869 1539 2895 516.
1554 2869 1637 2894 Terrae
1649 2868 1750 2892 firmitas
